Trd, 000030.300, 105
Trd, 000030.983, 101
Trd, 000031.533, 100
Trd, 000031.583, 103
Trd, 000031.833, 100
Trd, 000031.967, 100
Trd, 000033.283, 103
Trd, 000034.450, 103
Trd, 000034.867, 103
Trd, 000035.050, 102
Trd, 000035.150, 101
Trd, 000035.383, 100
Trd, 000035.900, 104
Trd, 000036.833, 100
Trd, 000037.217, 100
Trd, 000037.650, 100
Trd, 000037.750, 103
Trd, 000038.617, 99
Trd, 000038.867, 100
Trd, 000038.933, 100
Trd, 000039.233, 103
Trd, 000039.950, 101
Trd, 000041.050, 101
Trd, 000041.500, 105
Trd, 000041.633, 100
Trd, 000041.817, 100
Trd, 000042.517, 103
Trd, 000042.550, 107
Trd, 000042.967, 101
Trd, 000043.833, 101
Trd, 000045.067, 101
Trd, 000046.183, 103
Trd, 000046.250, 103
Trd, 000047.167, 101
Trd, 000047.433, 100
Trd, 000048.200, 100
Trd, 000048.550, 101
Trd, 000048.900, 100
Trd, 000049.517, 105
Trd, 000049.683, 100
Trd, 000051.783, 101
Trd, 000052.233, 101
Trd, 000052.517, 101
Trd, 000052.867, 101
Trd, 000053.150, 101
Trd, 000053.467, 100
Trd, 000054.067, 101
Trd, 000054.617, 103
Trd, 000054.767, 104
Trd, 000054.867, 101
Trd, 000054.983, 101
Trd, 000056.167, 101
Trd, 000056.850, 103
Trd, 000057.350, 103
Trd, 000057.367, 101
Trd, 000057.850, 101
Trd, 000057.900, 105
Trd, 000059.567, 102
Trd, 000060.133, 100
Trd, 000060.433, 101
Trd, 000060.483, 104
Trd, 000061.500, 105
Trd, 000062.217, 102
Trd, 000062.600, 101
Trd, 000062.833, 100
Trd, 000063.233, 101
Trd, 000064.183, 102
Trd, 000064.200, 101
Trd, 000064.583, 100
Trd, 000064.667, 100
Trd, 000064.717, 100
Trd, 000065.817, 100
Trd, 000066.283, 100
Trd, 000066.367, 100
Trd, 000067.483, 100
Trd, 000067.867, 100
Trd, 000068.367, 99
Trd, 000068.850, 99
Trd, 000069.067, 100
Trd, 000069.183, 97
Trd, 000069.533, 100
Trd, 000069.650, 102
Trd, 000070.883, 105
Trd, 000071.450, 105
Trd, 000072.100, 103
Trd, 000072.983, 102
Trd, 000073.750, 101
Trd, 000074.000, 103
Trd, 000074.567, 102
Trd, 000075.600, 103
Trd, 000075.667, 101
Trd, 000075.933, 102
Trd, 000076.417, 101
Trd, 000076.733, 101
Trd, 000077.200, 101
Trd, 000077.400, 100
Trd, 000078.333, 101
Trd, 000079.267, 102
Trd, 000079.383, 101
Trd, 000079.633, 100
Trd, 000081.500, 101
Trd, 000082.383, 101
Trd, 000082.933, 100
Trd, 000083.383, 101
Trd, 000083.733, 100
Trd, 000084.133, 101
Trd, 000084.833, 101
Trd, 000085.550, 100
Trd, 000085.700, 101
Trd, 000085.750, 100
Trd, 000085.967, 100
Trd, 000086.317, 105
Trd, 000087.083, 101
Trd, 000087.183, 100
Trd, 000087.550, 99
Trd, 000087.650, 99
Trd, 000088.000, 100
Trd, 000088.183, 99
Trd, 000088.617, 99
Trd, 000089.017, 100
Trd, 000089.233, 101
Trd, 000089.850, 100
Trd, 000090.833, 101.0
Trd, 000090.850, 101
Trd, 000090.950, 100.0
Trd, 000091.433, 105
Trd, 000091.867, 108
Trd, 000092.350, 101
Trd, 000092.417, 102
Trd, 000092.450, 107
Trd, 000092.633, 100
Trd, 000093.517, 100
Trd, 000095.483, 101
Trd, 000095.933, 100
Trd, 000096.117, 100
Trd, 000096.400, 101.0
Trd, 000096.433, 100
Trd, 000096.683, 102.0
Trd, 000097.633, 102
Trd, 000099.250, 101
Trd, 000100.517, 100
Trd, 000100.650, 102
Trd, 000100.717, 99
Trd, 000100.933, 100
Trd, 000101.117, 103
Trd, 000101.517, 100
Trd, 000101.950, 104
Trd, 000102.750, 103
Trd, 000103.100, 102
Trd, 000103.450, 101
Trd, 000104.083, 102
Trd, 000104.350, 100
Trd, 000104.533, 101
Trd, 000105.433, 100
Trd, 000105.667, 100
Trd, 000105.750, 100
Trd, 000105.883, 100
Trd, 000107.467, 100
Trd, 000107.867, 101
Trd, 000108.033, 100
Trd, 000108.717, 100
Trd, 000109.000, 99
Trd, 000109.483, 100
Trd, 000109.550, 99
Trd, 000109.650, 100
Trd, 000110.767, 100
Trd, 000111.100, 100
Trd, 000111.650, 99
Trd, 000112.350, 100
Trd, 000112.767, 104
Trd, 000113.167, 105
Trd, 000113.567, 99
Trd, 000113.950, 99
Trd, 000115.100, 99
Trd, 000115.933, 100
Trd, 000116.783, 98.0
Trd, 000116.917, 98
Trd, 000117.283, 97
Trd, 000118.033, 100
Trd, 000119.017, 102
Trd, 000119.767, 101
Trd, 000120.017, 100
Trd, 000120.550, 100
Trd, 000120.700, 100
Trd, 000120.800, 101
Trd, 000120.967, 102
Trd, 000121.567, 100
Trd, 000121.867, 101
Trd, 000122.000, 100
Trd, 000122.367, 100
Trd, 000123.033, 98.0
Trd, 000123.650, 99
Trd, 000124.017, 100
Trd, 000124.050, 105
Trd, 000124.350, 99
Trd, 000125.150, 99
Trd, 000125.267, 100
Trd, 000126.100, 99
Trd, 000126.217, 100
Trd, 000127.733, 101
Trd, 000128.000, 106.0
Trd, 000128.200, 102
Trd, 000129.067, 101
Trd, 000129.500, 100
Trd, 000130.083, 104.0
Trd, 000130.300, 106.0
Trd, 000130.383, 101
Trd, 000131.433, 100
Trd, 000132.467, 101
Trd, 000132.717, 100
Trd, 000133.433, 100
Trd, 000134.250, 100
Trd, 000134.367, 101
Trd, 000134.900, 99
Trd, 000135.000, 100
Trd, 000135.533, 100
Trd, 000135.633, 102
Trd, 000136.017, 108.0
Trd, 000136.617, 99
Trd, 000137.317, 100
Trd, 000137.733, 100
Trd, 000138.067, 101
Trd, 000138.200, 100
Trd, 000139.617, 100
Trd, 000140.117, 100
Trd, 000140.267, 102
Trd, 000141.017, 99
Trd, 000141.467, 102
Trd, 000141.833, 108.0
Trd, 000142.517, 103
Trd, 000142.717, 103
Trd, 000142.950, 101
Trd, 000143.417, 101
Trd, 000143.683, 110
Trd, 000144.717, 105
Trd, 000144.967, 101
Trd, 000145.317, 100
Trd, 000145.333, 100
Trd, 000145.667, 100
Trd, 000146.050, 99
Trd, 000146.400, 99
Trd, 000146.617, 100
Trd, 000147.100, 100
Trd, 000147.783, 99.0
Trd, 000147.817, 99
Trd, 000147.933, 100
Trd, 000148.000, 110
Trd, 000148.217, 111
Trd, 000148.833, 102
Trd, 000149.183, 101
Trd, 000150.133, 100
Trd, 000150.417, 100
Trd, 000151.617, 100
Trd, 000151.900, 101
Trd, 000152.667, 100
Trd, 000152.967, 100.0
Trd, 000153.217, 100
Trd, 000153.767, 99
Trd, 000154.233, 100
Trd, 000154.633, 98
Trd, 000154.817, 99
Trd, 000155.383, 99
Trd, 000155.800, 100
Trd, 000156.567, 100
Trd, 000156.783, 100
Trd, 000157.450, 100
Trd, 000157.800, 104
Trd, 000159.433, 104
Trd, 000159.817, 104
Trd, 000159.867, 108.0
Trd, 000159.917, 102
Trd, 000159.950, 100
Trd, 000160.117, 100
Trd, 000160.950, 101
Trd, 000163.183, 100
Trd, 000163.583, 100
Trd, 000163.683, 100
Trd, 000164.700, 100
Trd, 000164.750, 101
Trd, 000165.450, 99
Trd, 000165.650, 100
Trd, 000166.133, 100
Trd, 000166.250, 99
Trd, 000166.783, 99
Trd, 000166.850, 98.0
Trd, 000167.400, 98
Trd, 000168.533, 100
Trd, 000168.750, 99
Trd, 000169.083, 100
Trd, 000169.667, 100
Trd, 000169.833, 100
Trd, 000170.033, 99
Trd, 000171.000, 99
Trd, 000171.217, 100
Trd, 000171.517, 100
Trd, 000172.250, 100
Trd, 000172.267, 100
Trd, 000173.200, 99
Trd, 000173.333, 99.0
Trd, 000173.417, 100
Trd, 000173.950, 100
Trd, 000174.217, 100
Trd, 000174.533, 99.0
Trd, 000175.083, 98.0
Trd, 000175.150, 97
Trd, 000175.467, 99
Trd, 000175.517, 100
Trd, 000176.117, 100
Trd, 000177.367, 97
Trd, 000177.700, 100
Trd, 000178.083, 100
Trd, 000178.550, 100
Trd, 000179.150, 101
Trd, 000179.167, 100
Trd, 000179.383, 100
Trd, 000180.017, 100
Trd, 000181.150, 100
Trd, 000181.200, 100
Trd, 000181.633, 100
Trd, 000182.550, 99
Trd, 000182.700, 100
Trd, 000183.183, 100
Trd, 000183.717, 101
Trd, 000184.050, 105
Trd, 000184.100, 100
Trd, 000186.150, 105.0
Trd, 000186.167, 101
Trd, 000186.517, 101
Trd, 000187.850, 105
Trd, 000188.233, 103
Trd, 000188.550, 103
Trd, 000188.683, 104.0
Trd, 000189.967, 103
Trd, 000190.183, 102
Trd, 000190.583, 102
Trd, 000190.733, 102
Trd, 000191.150, 101
Trd, 000191.350, 100
Trd, 000191.400, 100
Trd, 000191.700, 103
Trd, 000191.967, 112
Trd, 000192.433, 100
Trd, 000192.967, 101
Trd, 000194.133, 103
Trd, 000194.333, 101
Trd, 000194.733, 104
Trd, 000195.400, 100
Trd, 000195.533, 100
Trd, 000196.000, 101
Trd, 000196.267, 102
Trd, 000197.633, 100
Trd, 000198.000, 101
Trd, 000198.017, 102
Trd, 000198.350, 103
Trd, 000198.500, 100
Trd, 000200.633, 101
Trd, 000201.600, 101
Trd, 000201.617, 100
Trd, 000201.800, 100
Trd, 000202.333, 99
Trd, 000202.400, 100
Trd, 000202.500, 103
Trd, 000203.317, 101
Trd, 000203.700, 102
Trd, 000203.917, 101
Trd, 000204.567, 100
Trd, 000204.967, 100
Trd, 000205.300, 102
Trd, 000205.433, 105
Trd, 000206.200, 99
Trd, 000206.667, 100
Trd, 000206.700, 100
Trd, 000207.300, 101
Trd, 000207.700, 100
Trd, 000209.100, 105
Trd, 000209.117, 104
Trd, 000209.217, 103
Trd, 000209.617, 102
Trd, 000210.333, 101
Trd, 000210.567, 103
Trd, 000210.617, 107.0
Trd, 000210.967, 101
Trd, 000212.517, 103
Trd, 000212.650, 101
Trd, 000213.250, 100
Trd, 000213.517, 100
Trd, 000214.283, 99
Trd, 000214.667, 100
Trd, 000214.867, 101
Trd, 000215.100, 99
Trd, 000215.333, 100
Trd, 000215.883, 104
Trd, 000218.900, 106
Trd, 000219.150, 107.0
Trd, 000219.650, 105
Trd, 000220.200, 105.0
Trd, 000220.300, 104
Trd, 000220.517, 104
Trd, 000221.100, 105.0
Trd, 000221.400, 104
Trd, 000221.667, 103
Trd, 000221.900, 100
Trd, 000222.617, 104
Trd, 000223.050, 102
Trd, 000223.517, 100
Trd, 000223.750, 100
Trd, 000224.050, 100
Trd, 000224.283, 101
Trd, 000224.833, 100
Trd, 000225.100, 101
Trd, 000225.717, 102
Trd, 000227.100, 101
Trd, 000227.150, 100
Trd, 000227.200, 105
Trd, 000227.600, 108.0
Trd, 000228.167, 99.0
Trd, 000228.450, 100
Trd, 000228.500, 112
Trd, 000230.417, 105
Trd, 000230.917, 105.0
Trd, 000231.350, 107
Trd, 000232.100, 106
Trd, 000232.733, 105
Trd, 000232.833, 104
Trd, 000234.750, 104
Trd, 000235.483, 103
Trd, 000235.517, 104.0
Trd, 000236.133, 101
Trd, 000236.500, 101
Trd, 000236.667, 103
Trd, 000237.767, 102
Trd, 000237.800, 102
Trd, 000237.917, 103
Trd, 000238.333, 100
Trd, 000238.733, 100
Trd, 000239.100, 100
Trd, 000239.300, 101
Trd, 000239.683, 100
Trd, 000239.733, 100.0
Trd, 000241.067, 100
Trd, 000241.083, 100
Trd, 000242.483, 100
Trd, 000242.500, 104
Trd, 000244.000, 103
Trd, 000244.683, 102
Trd, 000245.350, 105
Trd, 000245.417, 103
Trd, 000245.600, 108.0
Trd, 000246.483, 102
Trd, 000246.650, 102
Trd, 000247.000, 102
Trd, 000247.217, 102
Trd, 000247.917, 103
Trd, 000248.200, 102
Trd, 000249.100, 101
Trd, 000249.417, 101
Trd, 000249.883, 100
Trd, 000250.033, 100
Trd, 000250.617, 100
Trd, 000250.950, 101
Trd, 000251.300, 102
Trd, 000251.733, 101
Trd, 000252.267, 102
Trd, 000252.383, 101
Trd, 000253.283, 101
Trd, 000253.867, 100
Trd, 000254.333, 100
Trd, 000255.117, 100
Trd, 000255.233, 100
Trd, 000255.450, 100
Trd, 000255.967, 100
Trd, 000256.217, 101
Trd, 000257.000, 100
Trd, 000257.050, 100
Trd, 000257.083, 100
Trd, 000257.683, 101
Trd, 000257.700, 108.0
Trd, 000259.467, 102
Trd, 000260.417, 103
Trd, 000260.467, 105
Trd, 000260.633, 110
Trd, 000261.417, 103
Trd, 000261.533, 102
Trd, 000262.033, 102
Trd, 000262.133, 104
Trd, 000263.017, 108.0
Trd, 000263.333, 101
Trd, 000264.550, 100
Trd, 000266.283, 101
Trd, 000266.833, 102
Trd, 000266.933, 100
Trd, 000267.367, 100
Trd, 000267.433, 99
Trd, 000267.517, 99
Trd, 000267.600, 98.0
Trd, 000268.667, 99
Trd, 000268.900, 99
Trd, 000269.217, 100
Trd, 000270.417, 99.0
Trd, 000271.917, 100
Trd, 000272.283, 100
Trd, 000272.483, 98.0
Trd, 000273.383, 100
Trd, 000273.967, 100
Trd, 000274.567, 100
Trd, 000274.933, 99
Trd, 000275.650, 100
Trd, 000276.517, 100
Trd, 000276.883, 99
Trd, 000277.017, 102
Trd, 000277.250, 101
Trd, 000278.417, 100
Trd, 000278.950, 100
Trd, 000279.150, 100
Trd, 000279.250, 100
Trd, 000279.500, 99
Trd, 000279.633, 99
Trd, 000279.883, 99.0
Trd, 000280.400, 100
Trd, 000280.617, 101
Trd, 000280.650, 102
Trd, 000281.067, 100
Trd, 000281.767, 105
Trd, 000282.367, 100
Trd, 000282.383, 108.0
Trd, 000283.000, 99.0
Trd, 000283.283, 100
Trd, 000284.267, 101
Trd, 000284.750, 108.0
Trd, 000285.017, 112
Trd, 000287.000, 102
Trd, 000287.133, 101
Trd, 000287.467, 103
Trd, 000287.833, 101
Trd, 000287.950, 104
Trd, 000288.300, 101
Trd, 000288.550, 104
Trd, 000288.683, 96
Trd, 000290.700, 102
Trd, 000290.800, 101
Trd, 000291.567, 101
Trd, 000291.900, 102
Trd, 000292.417, 100
Trd, 000293.317, 100
Trd, 000294.067, 100
Trd, 000294.467, 100
Trd, 000295.167, 100
Trd, 000295.550, 101
Trd, 000295.733, 101
Trd, 000295.933, 100
Trd, 000296.533, 100
Trd, 000296.983, 100
Trd, 000298.033, 99
Trd, 000298.917, 99
Trd, 000299.217, 99
Trd, 000300.000, 100
Trd, 000300.467, 98
Trd, 000300.700, 99
Trd, 000300.717, 100
Trd, 000300.750, 100
Trd, 000300.917, 100
Trd, 000301.800, 101
Trd, 000302.383, 101
Trd, 000302.633, 101
Trd, 000302.667, 100
Trd, 000303.067, 102
Trd, 000304.333, 103
Trd, 000304.783, 101
Trd, 000305.933, 100
Trd, 000306.183, 100
Trd, 000306.550, 100
Trd, 000307.067, 101
Trd, 000307.667, 100
Trd, 000308.633, 100
Trd, 000308.700, 99
Trd, 000308.833, 100
Trd, 000308.917, 105
Trd, 000310.167, 101
Trd, 000310.383, 100
Trd, 000311.217, 99.0
Trd, 000312.233, 100
Trd, 000312.500, 99
Trd, 000313.200, 99
Trd, 000313.567, 100
Trd, 000313.983, 98
Trd, 000314.217, 100
Trd, 000315.150, 100
Trd, 000315.750, 99
Trd, 000315.867, 98
Trd, 000316.033, 100
Trd, 000317.383, 99
Trd, 000319.233, 99
Trd, 000319.267, 99
Trd, 000319.450, 99
Trd, 000319.567, 100
Trd, 000319.783, 99.0
Trd, 000320.200, 100
Trd, 000320.267, 100
Trd, 000321.583, 98.0
Trd, 000322.033, 100
Trd, 000322.200, 99
Trd, 000323.117, 99
Trd, 000323.367, 99
Trd, 000324.400, 98
Trd, 000325.033, 99
Trd, 000326.133, 100
Trd, 000326.183, 99.0
Trd, 000326.617, 100
Trd, 000327.683, 100
Trd, 000328.083, 100
Trd, 000328.333, 100
Trd, 000328.483, 100
Trd, 000329.133, 100
Trd, 000329.633, 98
Trd, 000329.883, 98
Trd, 000329.967, 98
Trd, 000330.017, 99
Trd, 000330.217, 100
Trd, 000330.350, 105
Trd, 000331.500, 100
Trd, 000331.967, 99.0
Trd, 000333.517, 100
Trd, 000333.567, 100
Trd, 000334.250, 100
Trd, 000334.383, 98.0
Trd, 000336.117, 99
Trd, 000336.183, 100
Trd, 000336.683, 100
Trd, 000336.783, 99
Trd, 000337.150, 99
Trd, 000337.183, 98
Trd, 000337.600, 99
Trd, 000337.650, 100
Trd, 000338.517, 100
Trd, 000338.667, 99
Trd, 000339.433, 99
Trd, 000339.517, 100
Trd, 000339.883, 98
Trd, 000340.133, 100
Trd, 000341.400, 100
Trd, 000341.733, 99
Trd, 000342.000, 100
Trd, 000342.200, 100
Trd, 000342.600, 102
Trd, 000343.583, 98
Trd, 000344.017, 100
Trd, 000344.617, 101
Trd, 000344.767, 105
Trd, 000345.117, 101
Trd, 000345.217, 100
Trd, 000345.733, 99
Trd, 000346.317, 99
Trd, 000347.400, 100
Trd, 000347.433, 99
Trd, 000348.067, 99
Trd, 000348.833, 100
Trd, 000349.850, 99
Trd, 000349.933, 100
Trd, 000350.050, 99
Trd, 000350.400, 100
Trd, 000350.817, 99
Trd, 000351.200, 100
Trd, 000351.417, 100
Trd, 000353.167, 99
Trd, 000353.467, 100
Trd, 000354.367, 100
Trd, 000356.867, 103
Trd, 000357.050, 104.0
Trd, 000357.250, 102
Trd, 000357.367, 105.0
Trd, 000357.900, 102.0
Trd, 000358.300, 101
Trd, 000358.367, 101
Trd, 000358.750, 101
Trd, 000359.167, 100
Trd, 000359.717, 101
Trd, 000359.767, 100
Trd, 000360.783, 101
Trd, 000361.050, 100
Trd, 000361.467, 101
Trd, 000361.700, 101
Trd, 000362.783, 101
Trd, 000364.167, 101
Trd, 000364.283, 100
Trd, 000364.733, 101
Trd, 000365.400, 100
Trd, 000365.867, 99.0
Trd, 000366.450, 100
Trd, 000367.167, 104
Trd, 000367.550, 100
Trd, 000367.883, 100
Trd, 000368.217, 102
Trd, 000368.733, 105
Trd, 000369.117, 99
Trd, 000369.450, 99
Trd, 000369.517, 98
Trd, 000370.517, 99
Trd, 000370.717, 99
Trd, 000370.900, 100
Trd, 000372.300, 100
Trd, 000372.533, 100
Trd, 000372.667, 100
Trd, 000373.417, 99
Trd, 000373.833, 100
Trd, 000374.417, 99
Trd, 000374.750, 100
Trd, 000375.350, 99
Trd, 000375.500, 100
Trd, 000376.083, 99
Trd, 000376.250, 98
Trd, 000377.300, 98
Trd, 000377.467, 99
Trd, 000378.900, 100
Trd, 000378.983, 100
Trd, 000379.000, 105
Trd, 000379.433, 98
Trd, 000379.783, 100
Trd, 000379.950, 100
Trd, 000381.333, 100
Trd, 000381.950, 102
Trd, 000382.167, 105
Trd, 000382.783, 101
Trd, 000382.933, 100
Trd, 000383.233, 101
Trd, 000384.100, 101
Trd, 000384.117, 102
Trd, 000384.817, 101
Trd, 000385.117, 100
Trd, 000385.183, 100
Trd, 000386.083, 101
Trd, 000387.233, 105
Trd, 000387.317, 103
Trd, 000387.417, 100
Trd, 000387.667, 100
Trd, 000388.117, 107.0
Trd, 000388.600, 101
Trd, 000389.917, 102
Trd, 000390.700, 105
Trd, 000390.917, 103
Trd, 000391.217, 100
Trd, 000391.617, 102
Trd, 000392.033, 104.0
Trd, 000392.433, 103
Trd, 000392.533, 101
Trd, 000393.200, 102
Trd, 000393.300, 102
Trd, 000393.383, 105
Trd, 000393.967, 100
Trd, 000393.983, 100
Trd, 000395.483, 99
Trd, 000395.800, 99
Trd, 000396.233, 100
Trd, 000396.900, 104.0
Trd, 000397.600, 104
Trd, 000398.033, 103
Trd, 000398.200, 103
Trd, 000398.667, 102
Trd, 000399.083, 104
Trd, 000399.217, 103
Trd, 000399.283, 102
Trd, 000399.833, 100
Trd, 000401.317, 101
Trd, 000401.583, 102
Trd, 000402.017, 100
Trd, 000402.483, 103
Trd, 000402.733, 112
Trd, 000404.167, 103
Trd, 000404.383, 103
Trd, 000405.250, 104
Trd, 000405.600, 104
Trd, 000405.683, 103
Trd, 000406.267, 103
Trd, 000406.533, 102
Trd, 000407.983, 102
Trd, 000408.133, 101
Trd, 000408.533, 101
Trd, 000408.567, 100
Trd, 000410.167, 103
Trd, 000410.650, 102
Trd, 000410.833, 103
Trd, 000412.167, 100
Trd, 000412.500, 101
Trd, 000412.733, 101
Trd, 000413.050, 100
Trd, 000413.217, 99
Trd, 000413.683, 100
Trd, 000414.133, 100
Trd, 000414.400, 100
Trd, 000415.417, 100
Trd, 000415.600, 101
Trd, 000416.367, 100
Trd, 000416.567, 100
Trd, 000416.700, 101
Trd, 000417.450, 100
Trd, 000418.667, 100
Trd, 000418.850, 99
Trd, 000419.100, 100
Trd, 000420.367, 99
Trd, 000421.067, 100
Trd, 000421.100, 100
Trd, 000421.183, 105
Trd, 000422.200, 100
Trd, 000422.333, 102
Trd, 000422.417, 100
Trd, 000423.350, 103
Trd, 000424.533, 102
Trd, 000424.617, 103
Trd, 000426.083, 102
Trd, 000426.167, 103
Trd, 000426.883, 103
Trd, 000427.517, 102
Trd, 000427.683, 102
Trd, 000428.467, 103.0
Trd, 000428.533, 102
Trd, 000428.817, 101
Trd, 000429.283, 101
Trd, 000430.017, 100
Trd, 000430.217, 104
Trd, 000430.483, 100
Trd, 000430.633, 105
Trd, 000430.650, 100
Trd, 000430.767, 100
Trd, 000431.467, 102
Trd, 000431.933, 101
Trd, 000432.617, 101
Trd, 000433.633, 100
Trd, 000434.117, 99
Trd, 000434.367, 100
Trd, 000434.400, 101
Trd, 000434.717, 100
Trd, 000435.067, 101
Trd, 000436.117, 100
Trd, 000436.600, 100
Trd, 000436.700, 99
Trd, 000436.950, 98
Trd, 000438.267, 100
Trd, 000438.417, 100
Trd, 000438.983, 100
Trd, 000440.017, 101.0
Trd, 000440.383, 101
Trd, 000440.550, 103
Trd, 000440.683, 105
Trd, 000440.833, 100
Trd, 000441.850, 100
Trd, 000442.250, 108.0
Trd, 000442.617, 102
Trd, 000443.200, 103
Trd, 000443.500, 102
Trd, 000444.600, 102
Trd, 000445.083, 101
Trd, 000445.467, 101
Trd, 000445.600, 101
Trd, 000445.750, 102
Trd, 000445.817, 105
Trd, 000446.083, 100
Trd, 000447.350, 100
Trd, 000448.033, 100
Trd, 000448.233, 101
Trd, 000449.450, 102
Trd, 000449.950, 102.0
Trd, 000450.467, 101
Trd, 000451.100, 101.0
Trd, 000451.500, 100
Trd, 000451.900, 100
Trd, 000452.250, 100
Trd, 000452.400, 100
Trd, 000452.733, 102.0
Trd, 000453.367, 99
Trd, 000453.533, 102
Trd, 000454.383, 100
Trd, 000454.433, 100
Trd, 000454.700, 101
Trd, 000454.917, 101
Trd, 000455.417, 103
Trd, 000455.783, 102
Trd, 000456.800, 101
Trd, 000456.983, 101
Trd, 000457.383, 102
Trd, 000457.967, 100
Trd, 000458.100, 100
Trd, 000458.383, 100
Trd, 000458.667, 102
Trd, 000459.300, 102
Trd, 000459.700, 100
Trd, 000460.600, 100.0
Trd, 000460.667, 105
Trd, 000461.000, 101.0
Trd, 000463.667, 104.0
Trd, 000463.683, 103
Trd, 000464.533, 102
Trd, 000464.650, 103
Trd, 000464.733, 101
Trd, 000466.533, 103.0
Trd, 000466.667, 101
Trd, 000466.850, 100
Trd, 000467.167, 102.0
Trd, 000467.833, 100
Trd, 000468.533, 101
Trd, 000468.817, 102
Trd, 000469.017, 103
Trd, 000469.717, 100
Trd, 000469.833, 100
Trd, 000470.200, 100
Trd, 000470.217, 100
Trd, 000471.183, 99
Trd, 000471.367, 100
Trd, 000471.833, 102
Trd, 000473.017, 100
Trd, 000473.217, 100
Trd, 000473.650, 99
Trd, 000474.283, 100
Trd, 000474.383, 108.0
Trd, 000475.000, 112
Trd, 000475.283, 100
Trd, 000475.983, 101
Trd, 000476.783, 102
Trd, 000477.917, 101
Trd, 000479.283, 101
Trd, 000479.850, 100
Trd, 000480.133, 100
Trd, 000480.250, 100
Trd, 000480.833, 100
Trd, 000481.067, 99
Trd, 000481.900, 100
Trd, 000482.067, 100
Trd, 000482.167, 100
Trd, 000482.650, 101
Trd, 000482.833, 101
Trd, 000483.083, 102
Trd, 000483.850, 105
Trd, 000484.033, 100
Trd, 000484.750, 105
Trd, 000484.783, 101
Trd, 000485.817, 100
Trd, 000485.950, 100
Trd, 000486.067, 100
Trd, 000486.283, 99
Trd, 000487.250, 101
Trd, 000487.300, 102
Trd, 000488.567, 100
Trd, 000489.350, 100
Trd, 000489.617, 100
Trd, 000489.650, 99
Trd, 000489.733, 100
Trd, 000490.167, 100
Trd, 000490.200, 101
Trd, 000490.767, 100
Trd, 000490.850, 99
Trd, 000491.567, 99
Trd, 000491.850, 99
Trd, 000492.800, 100
Trd, 000493.367, 105
Trd, 000494.383, 100
Trd, 000494.433, 108.0
Trd, 000495.000, 100
Trd, 000496.433, 102
Trd, 000496.833, 101
Trd, 000497.117, 101
Trd, 000497.567, 100
Trd, 000498.017, 100
Trd, 000498.083, 101
Trd, 000498.800, 104
Trd, 000498.883, 100
Trd, 000500.250, 101
Trd, 000500.533, 101
Trd, 000500.817, 100
Trd, 000500.917, 100
Trd, 000501.067, 100
Trd, 000501.650, 100
Trd, 000501.783, 101
Trd, 000502.467, 101
Trd, 000502.667, 102
Trd, 000504.050, 100
Trd, 000504.467, 99
Trd, 000505.183, 99
Trd, 000505.583, 101
Trd, 000506.700, 100
Trd, 000506.717, 99.0
Trd, 000507.367, 100
Trd, 000507.483, 100
Trd, 000508.117, 100
Trd, 000508.417, 105
Trd, 000509.600, 107.0
Trd, 000509.800, 100
Trd, 000510.100, 100
Trd, 000511.017, 99
Trd, 000511.300, 99
Trd, 000511.667, 99
Trd, 000511.900, 100
Trd, 000512.750, 100
Trd, 000513.033, 100
Trd, 000513.200, 100
Trd, 000513.550, 100
Trd, 000513.850, 100.0
Trd, 000514.133, 102
Trd, 000515.100, 102.0
Trd, 000515.683, 103
Trd, 000516.117, 101
Trd, 000516.300, 100
Trd, 000516.700, 101
Trd, 000516.867, 100
Trd, 000517.500, 100
Trd, 000517.533, 101
Trd, 000517.700, 100
Trd, 000517.800, 102
Trd, 000518.033, 105
Trd, 000518.983, 99.0
Trd, 000519.550, 100
Trd, 000519.967, 100.0
Trd, 000520.133, 101
Trd, 000520.783, 100
Trd, 000521.350, 104
Trd, 000522.083, 100
Trd, 000523.117, 105
Trd, 000524.667, 99
Trd, 000526.017, 99
Trd, 000526.600, 100
Trd, 000526.717, 100
Trd, 000527.483, 100
Trd, 000527.533, 99
Trd, 000527.783, 100
Trd, 000528.083, 100
Trd, 000528.150, 103
Trd, 000528.417, 105
Trd, 000528.500, 107.0
Trd, 000529.583, 100
Trd, 000530.467, 107.0
Trd, 000530.867, 101
Trd, 000532.550, 101
Trd, 000533.267, 100
Trd, 000533.350, 100
Trd, 000533.400, 103
Trd, 000533.867, 101
Trd, 000534.083, 101
Trd, 000534.933, 100
Trd, 000535.233, 100
Trd, 000536.333, 99
Trd, 000536.867, 99.0
Trd, 000536.883, 98.0
Trd, 000537.467, 99
Trd, 000538.083, 97
Trd, 000538.667, 98
Trd, 000539.350, 99
Trd, 000540.033, 100
Trd, 000540.133, 98
Trd, 000540.767, 98
Trd, 000540.900, 99
Trd, 000541.633, 100
Trd, 000542.267, 100
Trd, 000542.283, 100
Trd, 000542.450, 99
Trd, 000543.050, 98
Trd, 000543.250, 99
Trd, 000543.633, 99
Trd, 000543.967, 97
Trd, 000545.067, 97
Trd, 000545.983, 98
Trd, 000546.300, 100
Trd, 000547.350, 99
Trd, 000547.417, 98
Trd, 000547.550, 98
Trd, 000548.817, 98
Trd, 000549.517, 99
Trd, 000549.617, 99
Trd, 000550.167, 98
Trd, 000550.283, 99
Trd, 000551.617, 98
Trd, 000551.733, 99
Trd, 000552.467, 100
Trd, 000552.850, 100
Trd, 000553.567, 100
Trd, 000553.917, 100
Trd, 000554.417, 102
Trd, 000555.000, 100
Trd, 000555.400, 105
Trd, 000555.750, 100
Trd, 000556.667, 102
Trd, 000557.550, 102
Trd, 000557.933, 101
Trd, 000558.017, 100
Trd, 000558.083, 100
Trd, 000558.450, 100
Trd, 000559.683, 100
Trd, 000560.017, 100
Trd, 000560.333, 101
Trd, 000561.183, 100
Trd, 000561.433, 100
Trd, 000561.717, 100
Trd, 000561.817, 101
Trd, 000562.700, 99
Trd, 000562.883, 99
Trd, 000563.467, 100
Trd, 000563.967, 100
Trd, 000564.317, 100
Trd, 000564.417, 99.0
Trd, 000565.033, 105
Trd, 000565.967, 99
Trd, 000566.967, 100
Trd, 000567.067, 99
Trd, 000567.400, 99
Trd, 000568.167, 99
Trd, 000568.417, 100
Trd, 000568.833, 99
Trd, 000569.217, 99
Trd, 000569.600, 100
Trd, 000569.900, 100
Trd, 000571.100, 99
Trd, 000571.633, 100
Trd, 000572.633, 101
Trd, 000573.050, 100
Trd, 000573.433, 101
Trd, 000573.733, 101
Trd, 000574.100, 100
Trd, 000574.767, 102
Trd, 000575.183, 100
Trd, 000575.533, 100
Trd, 000575.750, 100
Trd, 000576.067, 100
Trd, 000576.500, 99.0
Trd, 000577.300, 100
Trd, 000578.533, 100
Trd, 000578.600, 100
Trd, 000579.267, 100
Trd, 000579.617, 101
Trd, 000579.967, 105
Trd, 000580.400, 102
Trd, 000580.483, 102
Trd, 000580.883, 101
Trd, 000581.583, 100
Trd, 000582.117, 100
Trd, 000582.217, 101
Trd, 000582.967, 100
Trd, 000583.417, 100
Trd, 000583.833, 102
Trd, 000584.500, 100
Trd, 000584.867, 102
Trd, 000584.950, 100
Trd, 000585.450, 103
Trd, 000586.217, 104
Trd, 000586.550, 105
Trd, 000587.833, 103
Trd, 000587.950, 102
Trd, 000588.350, 104
Trd, 000588.550, 102
Trd, 000588.917, 101
Trd, 000589.567, 100
Trd, 000589.583, 100
Trd, 000589.850, 100
Trd, 000589.883, 101
Trd, 000590.183, 101
Trd, 000590.467, 104
Trd, 000591.100, 105
Trd, 000591.583, 103
Trd, 000591.833, 103
Trd, 000593.300, 102
Trd, 000594.433, 102
Trd, 000595.017, 101
Trd, 000595.317, 100
Trd, 000595.933, 100
Trd, 000596.383, 100
Trd, 000596.450, 100
Trd, 000596.650, 102
Trd, 000596.783, 100
Trd, 000597.233, 101
Trd, 000597.700, 100
Trd, 000598.083, 101
Trd, 000598.867, 101
Trd, 000599.767, 101
Trd, 000600.300, 101
Trd, 000600.333, 103
Trd, 000601.833, 103
Trd, 000602.433, 102
Trd, 000602.517, 101
Trd, 000602.683, 103
Trd, 000602.767, 100
Trd, 000603.983, 102
Trd, 000605.200, 103
Trd, 000605.633, 102
Trd, 000606.250, 100
Trd, 000606.283, 100
Trd, 000606.317, 100
Trd, 000606.367, 100
Trd, 000607.017, 105
Trd, 000607.983, 103
Trd, 000608.533, 104
Trd, 000608.650, 103
Trd, 000608.867, 105.0
Trd, 000609.933, 104
Trd, 000610.100, 105
Trd, 000610.117, 103
Trd, 000610.617, 107.0
Trd, 000610.933, 103
Trd, 000611.767, 104
Trd, 000611.983, 104
Trd, 000612.650, 103
Trd, 000613.950, 104.0
Trd, 000614.783, 102
Trd, 000614.967, 104.0
Trd, 000615.767, 108.0
Trd, 000616.017, 102
Trd, 000616.117, 102
Trd, 000616.217, 101
Trd, 000617.667, 101
Trd, 000618.050, 102
Trd, 000618.250, 101
Trd, 000618.750, 100
Trd, 000619.433, 100
Trd, 000619.450, 101
Trd, 000619.600, 102
Trd, 000619.650, 102
Trd, 000619.700, 100
Trd, 000620.217, 98
Trd, 000621.467, 99
Trd, 000622.483, 99
Trd, 000622.600, 99
Trd, 000622.867, 100
Trd, 000623.050, 100
Trd, 000623.100, 99
Trd, 000624.300, 99
Trd, 000624.583, 100
Trd, 000624.817, 101
Trd, 000625.033, 100
Trd, 000625.250, 100
Trd, 000626.050, 101
Trd, 000626.500, 99
Trd, 000626.650, 100
Trd, 000626.883, 103
Trd, 000628.250, 102
Trd, 000629.050, 102
Trd, 000629.500, 105
Trd, 000630.650, 105
Trd, 000631.000, 101
Trd, 000631.600, 102
Trd, 000632.400, 100
Trd, 000632.833, 100
Trd, 000633.300, 100
Trd, 000633.350, 100
Trd, 000633.717, 100
Trd, 000634.267, 101
Trd, 000635.750, 101
Trd, 000635.917, 100
Trd, 000636.317, 100
Trd, 000636.633, 100
Trd, 000637.050, 100
Trd, 000637.317, 99
Trd, 000638.067, 100
Trd, 000638.600, 100
Trd, 000638.633, 105
Trd, 000639.000, 100.0
Trd, 000639.233, 100
Trd, 000639.600, 100
Trd, 000641.217, 105
Trd, 000642.117, 100
Trd, 000642.567, 100
Trd, 000643.133, 99
Trd, 000643.650, 100
Trd, 000643.750, 100
Trd, 000643.783, 100
Trd, 000644.267, 100
Trd, 000645.100, 100
Trd, 000645.550, 102
Trd, 000645.767, 100
Trd, 000645.800, 105
Trd, 000646.533, 100
Trd, 000647.717, 100
Trd, 000647.867, 102
Trd, 000648.933, 100
Trd, 000649.233, 99
Trd, 000649.717, 99
Trd, 000649.917, 100
Trd, 000650.033, 100
Trd, 000650.317, 101
Trd, 000651.733, 104.0
Trd, 000651.817, 99
Trd, 000652.317, 100
Trd, 000653.683, 100
Trd, 000653.883, 99
Trd, 000654.450, 100
Trd, 000654.667, 100
Trd, 000654.800, 100
Trd, 000655.317, 99
Trd, 000655.533, 100
Trd, 000655.900, 100
Trd, 000657.167, 100
Trd, 000657.350, 100
Trd, 000657.483, 100
Trd, 000657.983, 100
Trd, 000658.933, 99
Trd, 000659.200, 99
Trd, 000659.517, 99
Trd, 000659.667, 100
Trd, 000660.000, 100
Trd, 000661.217, 102
Trd, 000661.233, 100
Trd, 000661.617, 100
Trd, 000662.433, 100
Trd, 000662.733, 100.0
Trd, 000663.217, 100
Trd, 000663.700, 100
Trd, 000664.800, 102
Trd, 000664.967, 102
Trd, 000665.867, 103
Trd, 000665.917, 105
Trd, 000666.100, 101
Trd, 000666.733, 103
Trd, 000667.117, 102
Trd, 000667.417, 100
Trd, 000667.617, 101
Trd, 000668.567, 100
Trd, 000668.950, 100
Trd, 000669.033, 100
Trd, 000669.450, 99
Trd, 000670.167, 99
Trd, 000670.250, 100
Trd, 000671.700, 101
Trd, 000672.433, 100
Trd, 000672.567, 105
Trd, 000672.667, 108.0
Trd, 000673.417, 100
Trd, 000674.050, 101
Trd, 000675.867, 101
Trd, 000675.917, 100
Trd, 000676.483, 102
Trd, 000676.500, 105
Trd, 000676.833, 107.0
Trd, 000676.850, 101
Trd, 000677.800, 100
Trd, 000678.200, 100
Trd, 000678.283, 100
Trd, 000678.567, 99
Trd, 000678.967, 100
Trd, 000679.183, 102
Trd, 000680.700, 100
Trd, 000681.550, 98.0
Trd, 000681.633, 99
Trd, 000681.817, 95
Trd, 000681.967, 100
Trd, 000682.667, 100
Trd, 000683.167, 100
Trd, 000684.067, 99
Trd, 000684.433, 99
Trd, 000685.150, 98
Trd, 000685.167, 98
Trd, 000685.483, 98
Trd, 000685.533, 99
Trd, 000685.567, 100
Trd, 000685.867, 105
Trd, 000685.933, 108.0
Trd, 000686.767, 100
Trd, 000687.183, 100
Trd, 000688.450, 101
Trd, 000688.917, 101
Trd, 000689.450, 100
Trd, 000689.517, 102
Trd, 000689.767, 100
Trd, 000690.017, 101
Trd, 000690.833, 101
Trd, 000690.933, 100
Trd, 000692.167, 108.0
Trd, 000692.733, 102
Trd, 000692.883, 112
Trd, 000693.267, 105
Trd, 000694.250, 105
Trd, 000694.800, 105
Trd, 000694.983, 104
Trd, 000695.733, 103
Trd, 000696.000, 103
Trd, 000696.500, 102
Trd, 000696.850, 102
Trd, 000697.783, 102
Trd, 000698.000, 101
Trd, 000698.033, 100
Trd, 000698.867, 101
Trd, 000699.383, 100
Trd, 000699.633, 102
Trd, 000700.350, 104
Trd, 000700.967, 100
Trd, 000702.500, 102
Trd, 000702.900, 102
Trd, 000703.183, 102
Trd, 000703.783, 101
Trd, 000705.200, 104
Trd, 000705.433, 101
Trd, 000705.983, 101
Trd, 000706.033, 101
Trd, 000706.900, 102
Trd, 000707.250, 101
Trd, 000707.350, 101
Trd, 000708.267, 101
Trd, 000708.367, 100
Trd, 000708.600, 101
Trd, 000708.883, 100
Trd, 000709.150, 101
Trd, 000709.317, 102
Trd, 000709.467, 100
Trd, 000710.150, 101
Trd, 000710.733, 105
Trd, 000710.750, 108.0
Trd, 000711.467, 101
Trd, 000712.283, 102
Trd, 000712.733, 101
Trd, 000713.250, 101
Trd, 000713.483, 100
Trd, 000714.283, 100
Trd, 000714.900, 100
Trd, 000715.533, 100
Trd, 000715.833, 100
Trd, 000716.517, 100
Trd, 000716.633, 100
Trd, 000717.083, 100
Trd, 000717.500, 100
Trd, 000718.483, 100
Trd, 000719.100, 100
Trd, 000719.450, 101
Trd, 000720.300, 101
Trd, 000720.550, 100
Trd, 000721.100, 102
Trd, 000721.267, 100
Trd, 000721.583, 102
Trd, 000722.367, 102
Trd, 000722.900, 101
Trd, 000723.900, 101
Trd, 000724.450, 101
Trd, 000725.233, 100
Trd, 000726.350, 100
Trd, 000726.483, 100
Trd, 000726.683, 101
Trd, 000727.100, 100
Trd, 000727.283, 100
Trd, 000727.717, 100
Trd, 000728.033, 100
Trd, 000728.317, 100
Trd, 000728.367, 105
Trd, 000728.817, 100
Trd, 000729.083, 109
Trd, 000729.383, 100
Trd, 000729.783, 111
Trd, 000729.967, 101
Trd, 000730.817, 104
Trd, 000731.833, 105
Trd, 000732.617, 105.0
Trd, 000732.717, 104
Trd, 000732.767, 105
Trd, 000732.817, 106
Trd, 000733.333, 104
Trd, 000733.617, 100
Trd, 000734.967, 103
Trd, 000735.267, 103.0
Trd, 000736.217, 103
Trd, 000736.317, 102
Trd, 000736.483, 105.0
Trd, 000737.283, 105
Trd, 000737.400, 102
Trd, 000738.350, 101
Trd, 000739.217, 100
Trd, 000739.233, 100
Trd, 000739.417, 101
Trd, 000740.133, 102
Trd, 000740.483, 100
Trd, 000740.533, 101
Trd, 000741.200, 100
Trd, 000741.633, 100
Trd, 000741.700, 100
Trd, 000741.800, 101
Trd, 000742.067, 100
Trd, 000742.983, 100
Trd, 000743.133, 100
Trd, 000744.117, 99
Trd, 000744.317, 100.0
Trd, 000745.100, 100
Trd, 000745.600, 104.0
Trd, 000746.233, 100
Trd, 000746.400, 100
Trd, 000746.717, 100
Trd, 000747.383, 100
Trd, 000747.517, 100
Trd, 000747.583, 101
Trd, 000747.667, 100
Trd, 000748.200, 99
Trd, 000748.933, 100
Trd, 000750.117, 99
Trd, 000750.850, 100
Trd, 000750.883, 98
Trd, 000751.100, 98.0
Trd, 000751.317, 100
Trd, 000751.817, 100
Trd, 000752.150, 100
Trd, 000752.450, 105
Trd, 000752.700, 100
Trd, 000753.100, 101
Trd, 000754.433, 104
Trd, 000754.750, 100
Trd, 000754.800, 100
Trd, 000755.117, 104
Trd, 000755.750, 105
Trd, 000756.483, 105
Trd, 000757.050, 108.0
Trd, 000758.100, 102
Trd, 000758.633, 104
Trd, 000759.050, 103
Trd, 000759.683, 104
Trd, 000760.167, 102
Trd, 000760.317, 102
Trd, 000760.400, 100
Trd, 000761.050, 101
Trd, 000761.117, 102
Trd, 000761.883, 101
Trd, 000762.517, 102
Trd, 000763.033, 100
Trd, 000763.333, 100
Trd, 000763.717, 104
Trd, 000763.783, 105
Trd, 000764.517, 100
Trd, 000764.967, 102
Trd, 000765.383, 100
Trd, 000765.817, 101
Trd, 000766.350, 100
Trd, 000766.383, 100
Trd, 000766.600, 104
Trd, 000767.233, 108.0
Trd, 000767.283, 112
Trd, 000769.483, 103
Trd, 000769.700, 102
Trd, 000770.433, 103
Trd, 000771.233, 102
Trd, 000771.567, 102
Trd, 000771.700, 103
Trd, 000772.333, 101
Trd, 000772.983, 100
Trd, 000773.633, 105
Trd, 000773.933, 108.0
Trd, 000774.067, 102
Trd, 000774.217, 102
Trd, 000774.417, 101
Trd, 000775.383, 102
Trd, 000776.533, 101
Trd, 000776.567, 100
Trd, 000776.600, 100
Trd, 000777.567, 99
Trd, 000777.933, 98.0
Trd, 000777.967, 99
Trd, 000778.017, 99
Trd, 000778.100, 100
Trd, 000778.417, 100
Trd, 000779.367, 100
Trd, 000779.767, 100
Trd, 000780.000, 98
Trd, 000780.950, 105
Trd, 000781.000, 112
Trd, 000781.250, 100
Trd, 000782.167, 101.0
Trd, 000782.300, 102
Trd, 000782.983, 102
Trd, 000783.850, 103
Trd, 000784.017, 101
Trd, 000784.050, 105
Trd, 000784.717, 100
Trd, 000784.850, 100
Trd, 000785.617, 101
Trd, 000786.267, 104.0
Trd, 000786.800, 104.0
Trd, 000788.017, 101
Trd, 000788.233, 102
Trd, 000788.550, 101
Trd, 000789.617, 101
Trd, 000790.350, 101
Trd, 000790.517, 100
Trd, 000790.533, 100
Trd, 000790.817, 100
Trd, 000791.183, 103
Trd, 000791.267, 100
Trd, 000791.750, 103
Trd, 000791.833, 100
Trd, 000793.817, 103
Trd, 000794.083, 101
Trd, 000794.783, 101.0
Trd, 000795.050, 101
Trd, 000795.183, 102.0
Trd, 000795.533, 100
Trd, 000795.883, 100
Trd, 000796.067, 100
Trd, 000797.050, 100
Trd, 000797.283, 99
Trd, 000798.367, 100
Trd, 000798.583, 100
Trd, 000799.217, 99
Trd, 000799.250, 100
Trd, 000799.317, 100
Trd, 000800.183, 101
Trd, 000800.700, 100
Trd, 000801.367, 100
Trd, 000802.283, 101
Trd, 000802.783, 100
Trd, 000803.083, 99
Trd, 000803.167, 100
Trd, 000804.367, 99.0
Trd, 000804.533, 100
Trd, 000805.233, 100
Trd, 000805.533, 100
Trd, 000806.317, 99
Trd, 000807.000, 100
Trd, 000807.433, 99.0
Trd, 000807.467, 100
Trd, 000808.467, 102
Trd, 000808.750, 103
Trd, 000809.283, 103
Trd, 000809.317, 101
Trd, 000810.350, 102
Trd, 000810.783, 101
Trd, 000812.483, 100
Trd, 000812.917, 104
Trd, 000813.117, 101
Trd, 000813.983, 101
Trd, 000814.767, 100
Trd, 000815.017, 100
Trd, 000815.083, 100
Trd, 000815.250, 100
Trd, 000815.533, 103
Trd, 000815.733, 105
Trd, 000816.233, 101
Trd, 000816.750, 106
Trd, 000818.083, 101
Trd, 000818.517, 104.0
Trd, 000818.583, 101
Trd, 000819.483, 101
Trd, 000819.850, 100
Trd, 000820.067, 103
Trd, 000820.233, 100
Trd, 000821.083, 100
Trd, 000821.500, 100
Trd, 000822.133, 105
Trd, 000823.167, 101
Trd, 000824.200, 100
Trd, 000824.333, 102
Trd, 000824.500, 101
Trd, 000824.583, 100
Trd, 000825.383, 100
Trd, 000826.467, 102
Trd, 000826.750, 101
Trd, 000828.417, 100
Trd, 000828.483, 102
Trd, 000828.567, 100
Trd, 000828.900, 100
Trd, 000829.383, 100
Trd, 000829.833, 99
Trd, 000830.067, 100
Trd, 000830.317, 105
Trd, 000831.083, 99
Trd, 000831.383, 101
Trd, 000831.833, 100
Trd, 000832.417, 100
Trd, 000833.400, 108.0
Trd, 000834.100, 103
Trd, 000834.217, 102
Trd, 000834.700, 101
Trd, 000834.750, 102
Trd, 000835.217, 109
Trd, 000836.383, 106
Trd, 000836.933, 105
Trd, 000837.283, 103
Trd, 000837.500, 103
Trd, 000837.533, 103
Trd, 000837.717, 104
Trd, 000838.600, 108.0
Trd, 000838.667, 107
Trd, 000839.800, 105
Trd, 000840.383, 104
Trd, 000840.433, 107
Trd, 000840.667, 107
Trd, 000840.900, 108
Trd, 000842.567, 101
Trd, 000842.667, 100
Trd, 000843.283, 103
Trd, 000844.383, 104
Trd, 000844.767, 104
Trd, 000844.800, 103
Trd, 000845.917, 103
Trd, 000846.367, 104
Trd, 000846.733, 102
Trd, 000847.333, 102
Trd, 000848.250, 102
Trd, 000848.417, 101
Trd, 000848.733, 103
Trd, 000849.550, 103
Trd, 000850.033, 100
Trd, 000850.350, 100
Trd, 000850.400, 100
Trd, 000851.233, 100.0
Trd, 000852.833, 101
Trd, 000853.200, 100
Trd, 000853.217, 100
Trd, 000853.950, 100
Trd, 000854.033, 100
Trd, 000854.050, 100
Trd, 000854.383, 101
Trd, 000854.483, 103
Trd, 000855.817, 107
Trd, 000856.300, 107
Trd, 000856.900, 106
Trd, 000857.583, 104
Trd, 000858.150, 105
Trd, 000858.617, 105
Trd, 000858.950, 106
Trd, 000859.083, 107
Trd, 000859.767, 105
Trd, 000860.033, 104
Trd, 000860.950, 103
Trd, 000862.550, 104
Trd, 000862.683, 106
Trd, 000862.883, 105
Trd, 000863.567, 105
Trd, 000863.600, 104
Trd, 000863.900, 110
