Trd, 000001.962, 106.0
Trd, 000002.077, 74
Trd, 000002.635, 97.0
Trd, 000003.846, 113
Trd, 000004.000, 112
Trd, 000005.404, 112
Trd, 000006.115, 109
Trd, 000006.827, 109
Trd, 000007.250, 109
Trd, 000007.404, 107.0
Trd, 000008.462, 107
Trd, 000008.481, 107
Trd, 000008.692, 107
Trd, 000009.000, 106.0
Trd, 000009.269, 104
Trd, 000009.558, 106
Trd, 000010.981, 103
Trd, 000011.231, 104
Trd, 000011.385, 103
Trd, 000011.500, 101
Trd, 000011.692, 102
Trd, 000011.750, 102
Trd, 000012.635, 103
Trd, 000012.865, 102
Trd, 000013.250, 101
Trd, 000014.096, 101
Trd, 000014.250, 105
Trd, 000014.385, 109.0
Trd, 000014.750, 100
Trd, 000015.173, 106.0
Trd, 000016.788, 106.0
Trd, 000018.058, 106
Trd, 000018.365, 104
Trd, 000018.788, 103
Trd, 000019.269, 102.0
Trd, 000019.865, 101
Trd, 000020.135, 101
Trd, 000020.923, 100
Trd, 000021.038, 101
Trd, 000021.154, 98
Trd, 000021.288, 99
Trd, 000022.654, 103.0
Trd, 000022.769, 102.0
Trd, 000023.115, 102
Trd, 000023.769, 100
Trd, 000024.308, 102
Trd, 000024.577, 99
Trd, 000025.385, 101
Trd, 000025.673, 98
Trd, 000026.346, 98.0
Trd, 000027.077, 99
Trd, 000027.442, 97
Trd, 000027.481, 98
Trd, 000027.692, 97
Trd, 000027.712, 99
Trd, 000027.885, 99
Trd, 000028.173, 102
Trd, 000029.808, 100
Trd, 000030.135, 98
Trd, 000030.154, 97
Trd, 000031.462, 102.0
Trd, 000031.635, 101
Trd, 000031.885, 100
Trd, 000032.635, 102
Trd, 000032.712, 107.0
Trd, 000034.404, 108.0
Trd, 000034.519, 107.0
Trd, 000034.846, 106.0
Trd, 000035.500, 105
Trd, 000036.038, 104
Trd, 000036.192, 105
Trd, 000036.769, 98.0
Trd, 000038.154, 102
Trd, 000038.346, 102
Trd, 000038.750, 102
Trd, 000039.404, 101
Trd, 000039.846, 101
Trd, 000039.923, 100
Trd, 000040.481, 97
Trd, 000040.577, 101
Trd, 000041.231, 97
Trd, 000041.962, 96
Trd, 000042.404, 97
Trd, 000042.712, 98
Trd, 000043.308, 98
Trd, 000043.538, 98
Trd, 000043.712, 97
Trd, 000044.135, 96
Trd, 000044.904, 96
Trd, 000045.712, 95
Trd, 000046.962, 98
Trd, 000049.135, 98
Trd, 000049.635, 98
Trd, 000049.942, 96
Trd, 000050.077, 96
Trd, 000050.154, 98
Trd, 000050.192, 95
Trd, 000050.404, 98
Trd, 000050.442, 109.0
Trd, 000051.442, 97
Trd, 000051.673, 96
Trd, 000051.712, 99
Trd, 000052.788, 95
Trd, 000053.212, 95
Trd, 000053.327, 95
Trd, 000053.385, 97
Trd, 000053.962, 94.0
Trd, 000055.019, 96
Trd, 000055.519, 95
Trd, 000055.558, 95
Trd, 000055.692, 96
Trd, 000055.981, 95
Trd, 000056.077, 95
Trd, 000056.346, 96
Trd, 000058.115, 94
Trd, 000058.519, 94
Trd, 000059.135, 94
Trd, 000059.731, 95
Trd, 000060.058, 96
Trd, 000060.962, 99
Trd, 000061.654, 97
Trd, 000061.942, 98
Trd, 000062.250, 95
Trd, 000062.423, 102
Trd, 000063.365, 94
Trd, 000064.269, 96
Trd, 000064.962, 109.0
Trd, 000065.058, 100
Trd, 000065.615, 110.0
Trd, 000065.788, 99
Trd, 000067.269, 101
Trd, 000067.423, 102
Trd, 000068.058, 101
Trd, 000068.231, 100
Trd, 000068.942, 100
Trd, 000069.231, 100
Trd, 000069.500, 101
Trd, 000070.173, 100
Trd, 000070.212, 99
Trd, 000070.750, 101
Trd, 000070.808, 98.0
Trd, 000070.885, 98
Trd, 000071.288, 100
Trd, 000072.096, 95
Trd, 000072.154, 94
Trd, 000072.654, 94.0
Trd, 000072.827, 96
Trd, 000073.269, 95
Trd, 000073.385, 102
Trd, 000073.596, 93
Trd, 000074.231, 98
Trd, 000074.327, 93
Trd, 000075.596, 96.0
Trd, 000077.500, 97
Trd, 000077.962, 98
Trd, 000078.038, 102
Trd, 000078.462, 97
Trd, 000079.135, 100
Trd, 000079.654, 100
Trd, 000080.058, 96
Trd, 000080.077, 95
Trd, 000080.385, 102
Trd, 000080.885, 98.0
Trd, 000082.923, 100.0
Trd, 000083.308, 100
Trd, 000083.788, 101
Trd, 000084.500, 99
Trd, 000084.519, 98.0
Trd, 000084.923, 98
Trd, 000084.962, 99
Trd, 000086.365, 97
Trd, 000086.596, 98
Trd, 000086.808, 98
Trd, 000087.250, 96
Trd, 000087.500, 94.0
Trd, 000088.173, 96
Trd, 000088.923, 96
Trd, 000089.019, 96
Trd, 000089.038, 98
Trd, 000089.558, 95
Trd, 000090.423, 96
Trd, 000090.654, 97
Trd, 000090.808, 96
Trd, 000091.019, 95
Trd, 000091.038, 94.0
Trd, 000092.615, 107
Trd, 000093.846, 102.0
Trd, 000094.615, 102
Trd, 000094.788, 106
Trd, 000095.231, 102
Trd, 000095.808, 103
Trd, 000095.885, 101
Trd, 000095.962, 98.0
Trd, 000096.558, 102
Trd, 000096.673, 103
Trd, 000097.019, 100
Trd, 000098.635, 100
Trd, 000098.808, 100
Trd, 000098.923, 99
Trd, 000099.673, 102.0
Trd, 000100.404, 102
Trd, 000100.519, 100.0
Trd, 000100.962, 98.0
Trd, 000101.885, 106.0
Trd, 000102.231, 108
Trd, 000104.558, 103
Trd, 000104.596, 104
Trd, 000104.712, 104
Trd, 000104.731, 103
Trd, 000105.538, 104
Trd, 000105.577, 104.0
Trd, 000105.673, 102.0
Trd, 000106.096, 100
Trd, 000107.077, 101
Trd, 000107.269, 101
Trd, 000107.423, 102
Trd, 000108.000, 101
Trd, 000108.077, 99.0
Trd, 000108.135, 102
Trd, 000108.788, 98.0
Trd, 000110.288, 100
Trd, 000110.500, 101
Trd, 000110.558, 101
Trd, 000111.154, 101
Trd, 000111.750, 102.0
Trd, 000113.192, 104
Trd, 000113.673, 103
Trd, 000113.846, 101
Trd, 000114.481, 100
Trd, 000114.808, 101
Trd, 000115.115, 100
Trd, 000115.250, 93
Trd, 000116.885, 96
Trd, 000117.615, 98
Trd, 000117.635, 93
Trd, 000119.096, 95
Trd, 000119.115, 95
Trd, 000119.462, 96
Trd, 000120.385, 97
Trd, 000120.788, 98
Trd, 000121.096, 96.0
Trd, 000121.346, 95.0
Trd, 000121.673, 97
Trd, 000122.538, 100
Trd, 000122.942, 99
Trd, 000124.423, 97
Trd, 000125.019, 96
Trd, 000125.212, 98
Trd, 000125.827, 96
Trd, 000126.038, 95.0
Trd, 000126.442, 94.0
Trd, 000126.923, 93
Trd, 000127.654, 92
Trd, 000127.712, 97
Trd, 000128.846, 93
Trd, 000130.519, 96.0
Trd, 000131.385, 96.0
Trd, 000131.442, 97
Trd, 000131.500, 98
Trd, 000131.673, 102
Trd, 000132.462, 100
Trd, 000133.000, 99
Trd, 000133.212, 100
Trd, 000134.135, 99
Trd, 000134.769, 98
Trd, 000135.365, 98
Trd, 000135.481, 99
Trd, 000135.615, 98.0
Trd, 000136.058, 92
Trd, 000136.808, 102
Trd, 000137.673, 99
Trd, 000138.365, 96
Trd, 000138.423, 94.0
Trd, 000140.019, 107.0
Trd, 000140.038, 106.0
Trd, 000140.692, 104
Trd, 000141.000, 109
Trd, 000141.577, 103
Trd, 000141.635, 106
Trd, 000142.192, 106.0
Trd, 000143.269, 105
Trd, 000143.692, 104
Trd, 000143.962, 103
Trd, 000144.673, 105
Trd, 000145.519, 102.0
Trd, 000146.115, 101
Trd, 000146.942, 100.0
Trd, 000147.038, 98.0
Trd, 000147.731, 99
Trd, 000148.769, 101
Trd, 000148.808, 102
Trd, 000149.846, 98
Trd, 000150.558, 95.0
Trd, 000150.712, 95.0
Trd, 000151.481, 98
Trd, 000152.308, 98
Trd, 000152.462, 99
Trd, 000153.519, 102.0
Trd, 000154.250, 110
Trd, 000154.423, 108
Trd, 000154.442, 106
Trd, 000154.788, 108
Trd, 000155.173, 107
Trd, 000155.250, 104
Trd, 000155.346, 106.0
Trd, 000155.481, 105
Trd, 000156.731, 94.0
Trd, 000156.885, 100
Trd, 000157.923, 100
Trd, 000158.288, 100
Trd, 000158.615, 100
Trd, 000159.019, 94.0
Trd, 000159.692, 93
Trd, 000160.058, 96
Trd, 000161.192, 97
Trd, 000161.385, 98
Trd, 000162.250, 100
Trd, 000163.077, 100
Trd, 000163.942, 102
Trd, 000164.192, 97
Trd, 000164.846, 97
Trd, 000165.500, 106.0
Trd, 000166.135, 100
Trd, 000166.481, 111
Trd, 000166.615, 102
Trd, 000166.731, 102
Trd, 000167.288, 101
Trd, 000168.423, 100
Trd, 000168.962, 99
Trd, 000169.038, 99
Trd, 000169.635, 103
Trd, 000169.731, 104
Trd, 000170.077, 102
Trd, 000170.750, 100.0
Trd, 000172.365, 101
Trd, 000172.769, 100
Trd, 000173.250, 101
Trd, 000173.500, 100
Trd, 000173.923, 98.0
Trd, 000174.365, 103
Trd, 000174.385, 102.0
Trd, 000174.788, 99
Trd, 000175.577, 98
Trd, 000176.192, 94.0
Trd, 000176.231, 98
Trd, 000177.481, 99
Trd, 000177.615, 98
Trd, 000178.596, 101
Trd, 000178.635, 100
Trd, 000179.000, 99
Trd, 000179.019, 99
Trd, 000179.923, 98.0
Trd, 000180.192, 98
Trd, 000180.308, 99
Trd, 000181.058, 98
Trd, 000181.231, 95.0
Trd, 000181.692, 101
Trd, 000184.288, 100
Trd, 000185.250, 99.0
Trd, 000185.288, 98.0
Trd, 000185.577, 99
Trd, 000186.096, 99
Trd, 000186.173, 97
Trd, 000186.327, 97
Trd, 000186.577, 95
Trd, 000186.808, 95
Trd, 000186.846, 94.0
Trd, 000186.865, 92
Trd, 000187.615, 97
Trd, 000187.865, 93
Trd, 000188.173, 101
Trd, 000188.885, 99
Trd, 000189.346, 101
Trd, 000189.712, 100
Trd, 000191.192, 98.0
Trd, 000191.923, 99
Trd, 000193.192, 98
Trd, 000194.096, 102
Trd, 000194.750, 99
Trd, 000194.769, 96
Trd, 000195.058, 100
Trd, 000195.827, 98
Trd, 000195.923, 99
Trd, 000196.115, 98
Trd, 000197.000, 98
Trd, 000197.173, 99
Trd, 000198.038, 99
Trd, 000198.615, 102
Trd, 000199.000, 98
Trd, 000199.423, 96
Trd, 000199.885, 94.0
Trd, 000199.981, 98
Trd, 000200.731, 97
Trd, 000200.942, 97
Trd, 000201.673, 96
Trd, 000201.962, 97
Trd, 000202.212, 93
Trd, 000202.596, 97
Trd, 000203.404, 97
Trd, 000204.077, 95
Trd, 000205.019, 94
Trd, 000205.077, 97
Trd, 000205.596, 94.0
Trd, 000205.750, 93
Trd, 000206.212, 97
Trd, 000206.404, 93
Trd, 000207.058, 95
Trd, 000207.615, 92
Trd, 000207.846, 98
Trd, 000208.462, 102
Trd, 000208.596, 102.0
Trd, 000208.692, 93
Trd, 000209.519, 106.0
Trd, 000210.135, 103
Trd, 000211.038, 102
Trd, 000211.250, 103
Trd, 000211.308, 98.0
Trd, 000211.500, 94.0
Trd, 000211.942, 91
Trd, 000212.462, 93
Trd, 000212.673, 94
Trd, 000212.827, 95
Trd, 000212.865, 93
Trd, 000212.885, 91
Trd, 000213.558, 103
Trd, 000214.250, 95.0
Trd, 000214.692, 97
Trd, 000215.212, 94.0
Trd, 000217.115, 94
Trd, 000217.154, 96
Trd, 000218.038, 91
Trd, 000218.231, 91
Trd, 000218.308, 98
Trd, 000218.769, 96
Trd, 000219.077, 96.0
Trd, 000219.308, 96
Trd, 000220.538, 95
Trd, 000220.673, 94.0
Trd, 000220.885, 93
Trd, 000220.923, 103
Trd, 000221.442, 92
Trd, 000221.500, 111
Trd, 000221.885, 102.0
Trd, 000221.981, 112
Trd, 000223.346, 101
Trd, 000224.385, 101
Trd, 000224.769, 100
Trd, 000225.115, 101
Trd, 000225.519, 100
Trd, 000225.596, 101
Trd, 000226.519, 100
Trd, 000226.577, 99
Trd, 000227.327, 98.0
Trd, 000228.692, 96.0
Trd, 000228.750, 99
Trd, 000229.308, 95
Trd, 000229.404, 95
Trd, 000229.673, 94.0
Trd, 000230.038, 92
Trd, 000231.096, 95
Trd, 000231.385, 97
Trd, 000231.500, 98
Trd, 000232.462, 97
Trd, 000233.135, 95
Trd, 000233.192, 94
Trd, 000233.673, 96
Trd, 000234.000, 98
Trd, 000235.173, 96
Trd, 000235.385, 96
Trd, 000235.423, 95
Trd, 000235.558, 94.0
Trd, 000236.558, 102.0
Trd, 000237.962, 107.0
Trd, 000238.731, 107
Trd, 000238.808, 106
Trd, 000239.212, 106.0
Trd, 000239.904, 100
Trd, 000240.096, 102.0
Trd, 000240.635, 103
Trd, 000240.962, 102
Trd, 000241.135, 102
Trd, 000241.365, 100
Trd, 000242.365, 99
Trd, 000242.423, 99
Trd, 000243.212, 98
Trd, 000243.596, 95.0
Trd, 000243.635, 91
Trd, 000243.865, 98
Trd, 000244.481, 95
Trd, 000245.058, 98
Trd, 000245.500, 102
Trd, 000245.808, 95.0
Trd, 000246.596, 98
Trd, 000246.654, 99
Trd, 000247.173, 96.0
Trd, 000247.462, 94.0
Trd, 000247.923, 97
Trd, 000248.115, 102
Trd, 000250.327, 101
Trd, 000250.712, 100
Trd, 000251.077, 106.0
Trd, 000251.308, 102
Trd, 000251.635, 107
Trd, 000252.558, 101
Trd, 000252.731, 102
Trd, 000253.269, 101
Trd, 000253.327, 100
Trd, 000254.250, 113
Trd, 000254.673, 99
Trd, 000255.577, 98
Trd, 000255.942, 100
Trd, 000256.558, 101
Trd, 000256.923, 102.0
Trd, 000257.808, 101
Trd, 000258.327, 102
Trd, 000258.423, 101
Trd, 000258.481, 100
Trd, 000259.692, 100
Trd, 000259.808, 99
Trd, 000260.154, 98.0
Trd, 000260.442, 99
Trd, 000261.538, 100
Trd, 000262.038, 98.0
Trd, 000262.365, 98
Trd, 000262.962, 100
Trd, 000263.442, 98
Trd, 000264.692, 99.0
Trd, 000265.192, 99
Trd, 000265.231, 101
Trd, 000266.115, 98.0
Trd, 000266.365, 100
Trd, 000266.404, 98.0
Trd, 000266.846, 98
Trd, 000267.135, 100
Trd, 000267.442, 96
Trd, 000267.769, 100
Trd, 000268.346, 101
Trd, 000269.365, 100
Trd, 000271.038, 99.0
Trd, 000271.173, 100
Trd, 000271.231, 99
Trd, 000271.827, 99
Trd, 000272.385, 98.0
Trd, 000272.981, 97
Trd, 000273.769, 98
Trd, 000274.500, 97
Trd, 000275.019, 99
Trd, 000275.288, 102
Trd, 000275.865, 114
Trd, 000276.038, 97
Trd, 000277.154, 100
Trd, 000277.327, 99
Trd, 000277.692, 97.0
Trd, 000278.442, 95
Trd, 000278.538, 94.0
Trd, 000279.077, 95
Trd, 000279.346, 95
Trd, 000279.481, 94
Trd, 000279.923, 95
Trd, 000280.038, 95
Trd, 000280.308, 100
Trd, 000280.519, 102
Trd, 000280.962, 93
Trd, 000281.250, 91
Trd, 000282.904, 96
Trd, 000283.000, 99
Trd, 000283.250, 95
Trd, 000284.365, 94
Trd, 000284.769, 96
Trd, 000285.288, 95
Trd, 000286.385, 96
Trd, 000286.404, 95
Trd, 000287.385, 95
Trd, 000287.827, 97
Trd, 000288.692, 97
Trd, 000289.115, 96
Trd, 000290.019, 96
Trd, 000290.615, 97.0
Trd, 000290.731, 95
Trd, 000290.750, 97
Trd, 000291.231, 94.0
Trd, 000292.000, 98
Trd, 000292.115, 97
Trd, 000293.019, 102
Trd, 000293.096, 96
Trd, 000293.385, 92
Trd, 000294.981, 96
Trd, 000295.327, 95
Trd, 000295.942, 95
Trd, 000296.346, 94
Trd, 000297.346, 94
Trd, 000297.558, 95
Trd, 000297.885, 106.0
Trd, 000297.923, 96
Trd, 000297.981, 94.0
Trd, 000298.288, 91
Trd, 000299.327, 92
Trd, 000299.635, 96
Trd, 000299.865, 90
Trd, 000300.365, 98
Trd, 000300.827, 91
Trd, 000301.385, 102
Trd, 000302.000, 109
Trd, 000302.173, 92
Trd, 000304.750, 101
Trd, 000304.827, 102
Trd, 000305.077, 110
Trd, 000305.904, 104
Trd, 000306.250, 103
Trd, 000306.558, 102
Trd, 000306.904, 102.0
Trd, 000307.269, 101
Trd, 000308.308, 101
Trd, 000309.423, 98
Trd, 000309.846, 99
Trd, 000309.981, 95.0
Trd, 000310.500, 94.0
Trd, 000311.173, 102
Trd, 000311.654, 95
Trd, 000312.269, 113
Trd, 000312.750, 100
Trd, 000314.519, 94
Trd, 000314.865, 97
Trd, 000315.500, 98
Trd, 000315.519, 99
Trd, 000315.692, 102
Trd, 000315.923, 97
Trd, 000316.481, 96
Trd, 000316.846, 100
Trd, 000318.385, 114
Trd, 000318.538, 105
Trd, 000319.212, 105
Trd, 000319.288, 104
Trd, 000319.481, 100
Trd, 000319.635, 98.0
Trd, 000319.846, 106.0
Trd, 000321.365, 105
Trd, 000321.673, 103
Trd, 000322.308, 105
Trd, 000322.558, 104
Trd, 000322.577, 102.0
Trd, 000322.750, 98.0
Trd, 000325.000, 101
Trd, 000325.135, 100
Trd, 000325.404, 102
Trd, 000325.635, 100
Trd, 000326.481, 99.0
Trd, 000326.846, 98.0
Trd, 000326.885, 100
Trd, 000328.404, 96
Trd, 000328.538, 97
Trd, 000329.154, 97
Trd, 000329.692, 100
Trd, 000329.769, 97
Trd, 000330.250, 96.0
Trd, 000330.423, 94.0
Trd, 000330.942, 95
Trd, 000330.981, 91
Trd, 000331.692, 98
Trd, 000331.962, 97
Trd, 000333.173, 90
Trd, 000333.692, 95
Trd, 000334.115, 92
Trd, 000334.173, 90
Trd, 000335.192, 97
Trd, 000335.885, 96
Trd, 000335.923, 98
Trd, 000336.173, 94.0
Trd, 000337.327, 100
Trd, 000338.385, 101
Trd, 000338.750, 101
Trd, 000338.865, 99
Trd, 000340.154, 102
Trd, 000340.385, 99.0
Trd, 000341.000, 100
Trd, 000341.231, 101
Trd, 000341.423, 100
Trd, 000341.577, 99
Trd, 000343.058, 95.0
Trd, 000343.731, 94.0
Trd, 000343.808, 98
Trd, 000343.904, 100
Trd, 000343.981, 90
Trd, 000345.615, 102.0
Trd, 000346.635, 108
Trd, 000347.058, 108
Trd, 000347.212, 107
Trd, 000348.615, 106.0
Trd, 000349.846, 106
Trd, 000350.173, 105
Trd, 000350.442, 103
Trd, 000350.981, 102
Trd, 000351.250, 101
Trd, 000351.346, 100
Trd, 000351.442, 103
Trd, 000351.654, 102.0
Trd, 000352.827, 102.0
Trd, 000353.019, 101.0
Trd, 000353.365, 101
Trd, 000353.385, 102
Trd, 000354.346, 100
Trd, 000354.442, 102
Trd, 000355.327, 101
Trd, 000355.692, 101
Trd, 000356.288, 100
Trd, 000356.750, 102.0
Trd, 000356.942, 100
Trd, 000358.288, 98
Trd, 000358.712, 100
Trd, 000359.385, 98
Trd, 000359.442, 95.0
Trd, 000359.654, 99
Trd, 000359.885, 102
Trd, 000360.308, 94.0
Trd, 000360.596, 102
Trd, 000361.000, 103
Trd, 000363.173, 106.0
Trd, 000363.192, 105
Trd, 000363.500, 104
Trd, 000364.173, 104
Trd, 000364.385, 102.0
Trd, 000365.231, 104
Trd, 000365.981, 103
Trd, 000366.135, 102
Trd, 000367.365, 98.0
Trd, 000367.615, 100
Trd, 000367.827, 106.0
Trd, 000368.077, 99
Trd, 000369.212, 99
Trd, 000369.462, 99
Trd, 000369.538, 99
Trd, 000369.808, 96.0
Trd, 000370.788, 90
Trd, 000371.500, 95
Trd, 000372.038, 98
Trd, 000372.615, 96
Trd, 000373.385, 96
Trd, 000373.519, 95
Trd, 000374.558, 96
Trd, 000374.769, 95
Trd, 000375.173, 96
Trd, 000375.192, 94
Trd, 000376.212, 103
Trd, 000376.423, 100
Trd, 000377.654, 96.0
Trd, 000378.365, 98
Trd, 000378.519, 98
Trd, 000379.442, 97
Trd, 000379.692, 99
Trd, 000379.865, 100
Trd, 000380.250, 98
Trd, 000380.288, 99
Trd, 000381.019, 97
Trd, 000381.346, 97
Trd, 000381.865, 96
Trd, 000381.981, 95.0
Trd, 000383.538, 95
Trd, 000383.750, 90
Trd, 000383.808, 98
Trd, 000383.962, 99
Trd, 000384.154, 103
Trd, 000384.962, 100
Trd, 000385.212, 101
Trd, 000385.327, 95.0
Trd, 000385.962, 95
Trd, 000386.962, 94.0
Trd, 000387.923, 96
Trd, 000388.962, 94
Trd, 000389.673, 95
Trd, 000389.808, 96
Trd, 000390.365, 95
Trd, 000390.462, 96
Trd, 000390.615, 94
Trd, 000390.942, 94
Trd, 000391.058, 94.0
Trd, 000391.346, 98
Trd, 000393.904, 95
Trd, 000395.385, 95.0
Trd, 000395.769, 94.0
Trd, 000395.865, 98
Trd, 000396.096, 95
Trd, 000396.192, 96
Trd, 000396.269, 94
Trd, 000396.654, 98
Trd, 000397.038, 94
Trd, 000397.327, 102
Trd, 000397.827, 106.0
Trd, 000397.904, 94.0
Trd, 000398.462, 100
Trd, 000399.385, 110
Trd, 000399.865, 99
Trd, 000400.288, 98
Trd, 000400.327, 95
Trd, 000401.519, 96
Trd, 000402.115, 93
Trd, 000402.500, 94
Trd, 000403.288, 100
Trd, 000404.269, 98
Trd, 000405.115, 106.0
Trd, 000405.231, 100
Trd, 000405.481, 98.0
Trd, 000406.346, 99
Trd, 000406.462, 99
Trd, 000406.923, 96.0
Trd, 000407.000, 99
Trd, 000407.038, 94.0
Trd, 000407.365, 90
Trd, 000407.519, 90.0
Trd, 000407.654, 99
Trd, 000408.635, 107.0
Trd, 000408.827, 106.0
Trd, 000408.962, 114
Trd, 000410.558, 104
Trd, 000410.942, 105
Trd, 000411.288, 105
Trd, 000412.154, 104
Trd, 000412.615, 103
Trd, 000413.019, 103
Trd, 000413.750, 102.0
Trd, 000414.231, 102
Trd, 000414.981, 102.0
Trd, 000415.154, 99.0
Trd, 000415.731, 100
Trd, 000416.192, 100.0
Trd, 000416.558, 99
Trd, 000417.500, 98.0
Trd, 000418.250, 98
Trd, 000419.135, 93.0
Trd, 000420.442, 95
Trd, 000420.596, 95.0
Trd, 000421.308, 96
Trd, 000421.750, 94.0
Trd, 000422.058, 95
Trd, 000422.385, 96
Trd, 000422.596, 96
Trd, 000422.635, 98
Trd, 000424.269, 97
Trd, 000425.058, 94
Trd, 000425.212, 94
Trd, 000425.923, 90.0
Trd, 000426.115, 90
Trd, 000426.538, 95
Trd, 000426.615, 98
Trd, 000427.115, 102
Trd, 000428.288, 106.0
Trd, 000428.346, 101
Trd, 000428.712, 103
Trd, 000428.885, 102.0
Trd, 000429.096, 101
Trd, 000429.288, 98.0
Trd, 000430.038, 100
Trd, 000430.654, 99
Trd, 000431.500, 96.0
Trd, 000432.423, 96
Trd, 000432.750, 97
Trd, 000433.173, 103
Trd, 000433.365, 102.0
Trd, 000434.019, 98
Trd, 000434.346, 99
Trd, 000434.846, 100
Trd, 000435.077, 100
Trd, 000435.173, 98.0
Trd, 000435.846, 99
Trd, 000436.481, 98
Trd, 000438.212, 98
Trd, 000438.481, 98
Trd, 000438.596, 99
Trd, 000438.635, 103
Trd, 000439.173, 97
Trd, 000439.385, 94.0
Trd, 000439.423, 101
Trd, 000440.769, 90.0
Trd, 000441.250, 98
Trd, 000441.558, 99
Trd, 000442.019, 94
Trd, 000442.135, 91
Trd, 000442.154, 102
Trd, 000443.250, 93
Trd, 000443.365, 93
Trd, 000443.885, 96
Trd, 000444.154, 96
Trd, 000444.692, 106.0
Trd, 000444.962, 100
Trd, 000445.135, 113
Trd, 000445.769, 106
Trd, 000446.788, 96.0
Trd, 000447.538, 102
Trd, 000448.462, 100
Trd, 000448.519, 100
Trd, 000448.577, 98.0
Trd, 000448.808, 101
Trd, 000449.462, 98.0
Trd, 000450.981, 95.0
Trd, 000451.365, 94.0
Trd, 000451.442, 96
Trd, 000451.519, 90.0
Trd, 000451.769, 89
Trd, 000452.423, 98
Trd, 000452.596, 98
Trd, 000453.462, 92
Trd, 000453.923, 90.0
Trd, 000454.077, 97
Trd, 000455.712, 96
Trd, 000455.750, 98
Trd, 000457.058, 94.0
Trd, 000457.596, 97
Trd, 000458.135, 93
Trd, 000458.577, 94
Trd, 000458.962, 94
Trd, 000459.096, 99
Trd, 000459.692, 94
Trd, 000460.846, 94
Trd, 000461.231, 97
Trd, 000461.673, 94.0
Trd, 000462.038, 95
Trd, 000462.077, 97
Trd, 000462.769, 96
Trd, 000463.596, 98
Trd, 000464.058, 96
Trd, 000464.558, 97
Trd, 000465.019, 98
Trd, 000465.577, 98
Trd, 000465.769, 97
Trd, 000466.519, 96
Trd, 000466.904, 100
Trd, 000467.404, 100
Trd, 000468.212, 100
Trd, 000468.308, 99
Trd, 000469.731, 99.0
Trd, 000470.385, 99.0
Trd, 000470.942, 98
Trd, 000471.385, 98.0
Trd, 000471.442, 97
Trd, 000471.635, 97
Trd, 000471.788, 99
Trd, 000471.846, 94.0
Trd, 000472.462, 100
Trd, 000472.731, 101
Trd, 000473.385, 96
Trd, 000473.827, 94.0
Trd, 000474.154, 97
Trd, 000474.173, 90.0
Trd, 000475.327, 98
Trd, 000475.981, 98.0
Trd, 000477.481, 102
Trd, 000477.942, 99
Trd, 000478.538, 99
Trd, 000478.962, 99
Trd, 000479.154, 114
Trd, 000479.750, 98
Trd, 000480.115, 98.0
Trd, 000480.558, 98
Trd, 000481.019, 98
Trd, 000481.173, 98
Trd, 000481.192, 97
Trd, 000481.404, 100
Trd, 000481.885, 106.0
Trd, 000482.462, 102
Trd, 000483.423, 102
Trd, 000484.365, 111
Trd, 000484.692, 110
Trd, 000485.673, 106.0
Trd, 000485.846, 101
Trd, 000487.250, 104
Trd, 000487.404, 102
Trd, 000487.615, 102
Trd, 000487.788, 100
Trd, 000488.404, 98.0
Trd, 000489.615, 100
Trd, 000490.500, 98
Trd, 000491.154, 97
Trd, 000491.327, 100
Trd, 000492.154, 100
Trd, 000492.981, 101
Trd, 000493.115, 102
Trd, 000493.712, 104.0
Trd, 000494.288, 102.0
Trd, 000494.673, 103
Trd, 000494.769, 100
Trd, 000495.173, 101
Trd, 000495.192, 90.0
Trd, 000495.327, 106.0
Trd, 000496.673, 111
Trd, 000496.731, 100
Trd, 000498.096, 100
Trd, 000498.115, 100
Trd, 000498.231, 104
Trd, 000500.385, 102
Trd, 000500.769, 101
Trd, 000500.788, 100
Trd, 000501.288, 102
Trd, 000501.673, 100
Trd, 000501.712, 102
Trd, 000503.096, 99
Trd, 000503.365, 99
Trd, 000503.481, 99
Trd, 000504.000, 99.0
Trd, 000504.327, 98.0
Trd, 000504.808, 98
Trd, 000505.808, 98
Trd, 000506.538, 97
Trd, 000506.885, 97
Trd, 000507.135, 98
Trd, 000508.288, 102
Trd, 000509.250, 99
Trd, 000510.019, 99.0
Trd, 000511.038, 99.0
Trd, 000511.096, 98.0
Trd, 000511.346, 98
Trd, 000511.404, 94.0
Trd, 000511.942, 102.0
Trd, 000513.308, 106.0
Trd, 000513.423, 102
Trd, 000513.442, 103
Trd, 000513.942, 114
Trd, 000515.077, 108
Trd, 000515.250, 107
Trd, 000515.423, 107
Trd, 000515.615, 102.0
Trd, 000516.038, 111
Trd, 000517.212, 106
Trd, 000518.500, 106.0
Trd, 000519.212, 108
Trd, 000519.365, 107
Trd, 000520.327, 106
Trd, 000520.615, 106
Trd, 000521.462, 106
Trd, 000521.538, 105
Trd, 000522.788, 102.0
Trd, 000524.000, 102
Trd, 000524.154, 102
Trd, 000524.365, 101
Trd, 000525.500, 101
Trd, 000525.558, 102
Trd, 000525.673, 98.0
Trd, 000525.942, 100
Trd, 000527.135, 94.0
Trd, 000528.327, 95
Trd, 000528.558, 95
Trd, 000529.212, 95
Trd, 000529.404, 96
Trd, 000530.558, 98
Trd, 000530.635, 94.0
Trd, 000531.115, 99
Trd, 000531.404, 95
Trd, 000531.692, 100
Trd, 000532.346, 97
Trd, 000532.577, 99
Trd, 000533.558, 96
Trd, 000534.346, 96
Trd, 000534.827, 90.0
Trd, 000535.135, 96
Trd, 000535.173, 89
Trd, 000535.346, 97
Trd, 000535.827, 93
Trd, 000535.846, 97
Trd, 000537.173, 98
Trd, 000538.115, 98.0
Trd, 000538.673, 101
Trd, 000539.635, 102
Trd, 000540.019, 101.0
Trd, 000540.231, 100
Trd, 000540.269, 99
Trd, 000540.846, 108
Trd, 000541.538, 103
Trd, 000541.923, 91.0
Trd, 000542.135, 99
Trd, 000542.865, 90.0
Trd, 000543.404, 90
Trd, 000543.904, 96
Trd, 000543.942, 94.0
Trd, 000544.423, 97
Trd, 000544.615, 97
Trd, 000545.058, 99
Trd, 000545.596, 94
Trd, 000546.423, 96
Trd, 000547.019, 96
Trd, 000547.385, 95
Trd, 000547.481, 94
Trd, 000547.846, 94.0
Trd, 000549.250, 103.0
Trd, 000549.365, 104
Trd, 000549.596, 102.0
Trd, 000549.635, 90.0
Trd, 000550.423, 90
Trd, 000551.404, 95.0
Trd, 000552.346, 98
Trd, 000553.327, 96
Trd, 000554.250, 94.0
Trd, 000554.269, 94
Trd, 000554.885, 95
Trd, 000554.981, 94
Trd, 000555.750, 94
Trd, 000556.308, 98
Trd, 000557.154, 104
Trd, 000557.558, 102.0
Trd, 000557.846, 100
Trd, 000558.231, 101
Trd, 000558.519, 94.0
Trd, 000559.385, 102.0
Trd, 000559.712, 101
Trd, 000560.404, 111
Trd, 000560.635, 112
Trd, 000560.846, 102
Trd, 000560.904, 102
Trd, 000561.327, 102
Trd, 000562.577, 102
Trd, 000563.000, 101
Trd, 000563.250, 100
Trd, 000564.365, 99
Trd, 000564.750, 95.0
Trd, 000564.981, 102
Trd, 000565.712, 101
Trd, 000565.885, 95.0
Trd, 000566.000, 101
Trd, 000566.250, 102
Trd, 000567.462, 99
Trd, 000568.288, 99
Trd, 000569.038, 99
Trd, 000569.212, 102
Trd, 000569.750, 113
Trd, 000570.308, 102
Trd, 000571.769, 102
Trd, 000572.750, 101
Trd, 000572.942, 101
Trd, 000573.019, 101
Trd, 000573.096, 102
Trd, 000573.212, 100
Trd, 000573.250, 98.0
Trd, 000573.904, 102
Trd, 000574.346, 99
Trd, 000575.135, 101
Trd, 000575.885, 98
Trd, 000576.942, 101
Trd, 000577.442, 101
Trd, 000577.923, 100
Trd, 000578.019, 98.0
Trd, 000579.000, 94.0
Trd, 000579.635, 93
Trd, 000579.673, 93
Trd, 000579.962, 97
Trd, 000580.212, 91.0
Trd, 000581.865, 93
Trd, 000581.904, 100
Trd, 000581.923, 92
Trd, 000582.327, 90.0
Trd, 000582.481, 101
Trd, 000583.731, 95.0
Trd, 000585.192, 114
Trd, 000585.404, 100
Trd, 000585.519, 98.0
Trd, 000586.712, 109.0
Trd, 000587.019, 106.0
Trd, 000587.750, 106
Trd, 000588.135, 105
Trd, 000588.673, 103
Trd, 000588.692, 102.0
Trd, 000589.385, 102
Trd, 000589.846, 101
Trd, 000590.192, 100
Trd, 000590.731, 101
Trd, 000591.019, 98.0
Trd, 000591.250, 94.0
Trd, 000591.442, 102
Trd, 000591.865, 98
Trd, 000591.962, 101
Trd, 000593.077, 106.0
Trd, 000594.385, 102.0
Trd, 000594.712, 102
Trd, 000595.135, 102
Trd, 000595.481, 102
Trd, 000595.885, 101
Trd, 000597.327, 100
Trd, 000597.846, 100
Trd, 000597.865, 101
Trd, 000598.115, 99
Trd, 000600.096, 100
Trd, 000600.154, 99.0
Trd, 000600.269, 100
Trd, 000600.808, 98
Trd, 000601.365, 98.0
Trd, 000602.231, 99
Trd, 000602.462, 99
Trd, 000602.712, 95
Trd, 000602.750, 90.0
Trd, 000603.346, 89
Trd, 000603.404, 90.0
Trd, 000604.000, 96
Trd, 000604.250, 96
Trd, 000604.769, 95.0
Trd, 000605.365, 96
Trd, 000605.673, 99
Trd, 000605.712, 94.0
Trd, 000606.096, 94
Trd, 000606.769, 101
Trd, 000607.192, 100
Trd, 000607.808, 101
Trd, 000608.462, 106.0
Trd, 000609.212, 103
Trd, 000609.308, 102
Trd, 000610.038, 101
Trd, 000610.231, 101
Trd, 000611.712, 105
Trd, 000612.385, 107
Trd, 000612.423, 104
Trd, 000612.885, 105
Trd, 000613.288, 98
Trd, 000614.462, 96.0
Trd, 000614.731, 97
Trd, 000614.865, 96.0
Trd, 000615.269, 97
Trd, 000615.346, 95.0
Trd, 000615.385, 90.0
Trd, 000617.058, 96
Trd, 000617.788, 96
Trd, 000617.827, 96
Trd, 000618.654, 96
Trd, 000618.731, 94.0
Trd, 000619.481, 97
Trd, 000619.750, 98
Trd, 000620.519, 97
Trd, 000620.596, 102
Trd, 000621.212, 99
Trd, 000621.250, 97
Trd, 000621.404, 96
Trd, 000621.846, 102
Trd, 000622.538, 100
Trd, 000623.038, 97
Trd, 000623.923, 96
Trd, 000624.500, 97
Trd, 000624.712, 94.0
Trd, 000626.019, 102.0
Trd, 000626.885, 106
Trd, 000627.654, 106.0
Trd, 000627.788, 104
Trd, 000628.231, 103
Trd, 000629.058, 104
Trd, 000629.692, 103
Trd, 000629.865, 101
Trd, 000630.365, 104
Trd, 000631.654, 104
Trd, 000632.058, 103
Trd, 000632.385, 104
Trd, 000632.423, 102
Trd, 000634.115, 102
Trd, 000634.212, 102.0
Trd, 000634.442, 101
Trd, 000635.269, 100
Trd, 000635.481, 98.0
Trd, 000635.942, 99
Trd, 000636.212, 98
Trd, 000636.519, 95.0
Trd, 000636.731, 96
Trd, 000636.750, 97
Trd, 000637.077, 98
Trd, 000637.096, 94.0
Trd, 000637.231, 90.0
Trd, 000639.192, 93
Trd, 000639.327, 98
Trd, 000640.096, 98
Trd, 000640.442, 96
Trd, 000640.596, 95
Trd, 000640.827, 95
Trd, 000640.942, 94
Trd, 000641.385, 98
Trd, 000641.846, 102
Trd, 000642.923, 95
Trd, 000644.077, 99
Trd, 000644.712, 99
Trd, 000644.962, 98
Trd, 000645.058, 100
Trd, 000645.712, 101
Trd, 000645.981, 94.0
Trd, 000646.212, 90.0
Trd, 000646.346, 99
Trd, 000647.365, 107.0
Trd, 000647.712, 107.0
Trd, 000649.462, 107
Trd, 000649.808, 106.0
Trd, 000649.981, 105
Trd, 000650.212, 102.0
Trd, 000650.865, 103
Trd, 000651.135, 102
Trd, 000652.212, 102
Trd, 000652.404, 103
Trd, 000652.692, 102
Trd, 000653.173, 101
Trd, 000654.135, 98.0
Trd, 000655.692, 111
Trd, 000655.981, 104
Trd, 000656.481, 103
Trd, 000656.577, 103
Trd, 000657.231, 102
Trd, 000657.385, 102
Trd, 000657.654, 102.0
Trd, 000658.058, 114
Trd, 000659.288, 103
Trd, 000660.308, 101
Trd, 000660.558, 102
Trd, 000660.692, 101
Trd, 000660.981, 101
Trd, 000661.154, 105
Trd, 000661.327, 100
Trd, 000662.923, 99
Trd, 000663.500, 100
Trd, 000664.750, 99
Trd, 000665.269, 102.0
Trd, 000666.615, 100
Trd, 000667.058, 100
Trd, 000667.404, 103
Trd, 000668.000, 103
Trd, 000668.404, 103
Trd, 000668.692, 101
Trd, 000669.135, 102
Trd, 000669.231, 100
Trd, 000669.712, 100
Trd, 000669.731, 100
Trd, 000670.096, 101
Trd, 000670.231, 98.0
Trd, 000670.442, 90.0
Trd, 000672.673, 97
Trd, 000673.750, 97
Trd, 000674.846, 98
Trd, 000674.942, 97
Trd, 000675.615, 99
Trd, 000676.462, 97
Trd, 000676.769, 100
Trd, 000676.788, 101
Trd, 000676.962, 96
Trd, 000677.000, 95
Trd, 000677.462, 102
Trd, 000677.923, 95
Trd, 000677.942, 99
Trd, 000678.673, 99
Trd, 000679.365, 98.0
Trd, 000679.519, 102
Trd, 000680.308, 99
Trd, 000680.731, 100
Trd, 000680.962, 99
Trd, 000681.135, 107
Trd, 000683.192, 99
Trd, 000683.423, 99
Trd, 000683.808, 99.0
Trd, 000683.942, 99
Trd, 000684.096, 101
Trd, 000684.154, 98.0
Trd, 000684.346, 102
Trd, 000684.942, 102
Trd, 000686.288, 100
Trd, 000686.423, 100
Trd, 000686.519, 101
Trd, 000686.942, 99
Trd, 000687.750, 99
Trd, 000687.769, 98.0
Trd, 000688.654, 95.0
Trd, 000689.096, 97
Trd, 000689.846, 96.0
Trd, 000689.942, 96.0
Trd, 000690.346, 94.0
Trd, 000690.538, 90.0
Trd, 000690.654, 97
Trd, 000691.000, 93
Trd, 000691.462, 89
Trd, 000692.731, 92
Trd, 000692.923, 92
Trd, 000693.269, 91
Trd, 000693.635, 93
Trd, 000694.423, 90
Trd, 000694.712, 98
Trd, 000695.096, 100
Trd, 000696.038, 102
Trd, 000696.827, 94.0
Trd, 000698.212, 97
Trd, 000698.615, 97
Trd, 000698.731, 96
Trd, 000698.769, 96
Trd, 000698.904, 96
Trd, 000699.192, 98
Trd, 000699.404, 96
Trd, 000699.635, 95
Trd, 000700.154, 93.0
Trd, 000700.365, 98
Trd, 000701.577, 98
Trd, 000701.981, 100
Trd, 000703.385, 102.0
Trd, 000703.654, 95
Trd, 000703.731, 98
Trd, 000705.308, 106.0
Trd, 000706.231, 102
Trd, 000706.692, 103
Trd, 000706.827, 102.0
Trd, 000707.038, 100
Trd, 000707.769, 99.0
Trd, 000707.788, 98.0
Trd, 000709.154, 99
Trd, 000709.231, 98.0
Trd, 000710.327, 98
Trd, 000710.365, 98
Trd, 000710.404, 99
Trd, 000710.615, 99
Trd, 000711.000, 97
Trd, 000711.481, 98
Trd, 000712.096, 94.0
Trd, 000712.327, 98
Trd, 000713.942, 95
Trd, 000714.404, 93
Trd, 000714.731, 94
Trd, 000714.769, 91.0
Trd, 000714.942, 90.0
Trd, 000715.154, 97
Trd, 000715.192, 98
Trd, 000715.673, 90
Trd, 000716.481, 93
Trd, 000718.231, 95.0
Trd, 000718.288, 94.0
Trd, 000718.558, 95
Trd, 000719.038, 95
Trd, 000719.808, 98
Trd, 000720.058, 106.0
Trd, 000721.788, 102.0
Trd, 000721.808, 100
Trd, 000722.231, 100
Trd, 000722.750, 100
Trd, 000722.885, 99
Trd, 000723.154, 98.0
Trd, 000723.731, 98
Trd, 000724.096, 100
Trd, 000724.308, 96.0
Trd, 000725.423, 98
Trd, 000726.731, 100
Trd, 000727.058, 101
Trd, 000728.346, 99
Trd, 000728.596, 98.0
Trd, 000729.173, 98
Trd, 000729.250, 99
Trd, 000729.538, 97
Trd, 000729.654, 90.0
Trd, 000729.923, 95
Trd, 000730.231, 94.0
Trd, 000730.712, 93
Trd, 000731.154, 94
Trd, 000731.308, 90
Trd, 000731.596, 92
Trd, 000732.096, 94
Trd, 000733.192, 93
Trd, 000733.577, 93
Trd, 000736.365, 96
Trd, 000737.000, 97
Trd, 000737.615, 97
Trd, 000737.712, 98
Trd, 000738.846, 97
Trd, 000738.865, 98
Trd, 000739.500, 100
Trd, 000739.942, 99
Trd, 000741.442, 99
Trd, 000741.615, 98
Trd, 000741.846, 98
Trd, 000742.077, 98
Trd, 000742.269, 99
Trd, 000742.288, 97
Trd, 000743.442, 99
Trd, 000744.192, 100
Trd, 000745.173, 95.0
Trd, 000745.481, 96
Trd, 000746.000, 96
Trd, 000746.038, 94.0
Trd, 000746.808, 102
Trd, 000747.154, 102.0
Trd, 000747.635, 92.0
Trd, 000748.712, 97
Trd, 000748.904, 90.0
Trd, 000748.942, 89
Trd, 000749.288, 93
Trd, 000749.500, 89
Trd, 000749.712, 99
Trd, 000751.365, 102.0
Trd, 000752.154, 101
Trd, 000753.327, 100
Trd, 000753.423, 101
Trd, 000754.288, 100
Trd, 000754.462, 101
Trd, 000754.981, 101
Trd, 000755.288, 101
Trd, 000755.596, 102
Trd, 000756.442, 100
Trd, 000756.596, 114
Trd, 000757.019, 107
Trd, 000757.788, 101
Trd, 000758.462, 103
Trd, 000758.808, 100
Trd, 000759.077, 95.0
Trd, 000759.288, 93
Trd, 000759.500, 89
Trd, 000760.250, 99
Trd, 000760.500, 99
Trd, 000760.692, 102
Trd, 000761.115, 95
Trd, 000761.654, 97
Trd, 000762.000, 106.0
Trd, 000762.519, 101
Trd, 000763.615, 101
Trd, 000764.269, 100
Trd, 000764.865, 98.0
Trd, 000765.308, 102
Trd, 000766.385, 102
Trd, 000766.462, 100
Trd, 000766.788, 100
Trd, 000767.712, 99
Trd, 000767.885, 98.0
Trd, 000768.365, 100
Trd, 000768.981, 99
Trd, 000769.192, 100
Trd, 000770.346, 99
Trd, 000772.000, 99
Trd, 000772.923, 99
Trd, 000773.096, 98
Trd, 000773.596, 99
Trd, 000773.692, 98.0
Trd, 000773.846, 98
Trd, 000774.250, 99
Trd, 000774.385, 97
Trd, 000774.404, 101
Trd, 000775.404, 101
Trd, 000775.558, 100
Trd, 000775.885, 102
Trd, 000776.231, 99
Trd, 000776.635, 98
Trd, 000777.615, 102
Trd, 000777.942, 111
Trd, 000778.115, 103
Trd, 000778.423, 100
Trd, 000778.558, 90.0
Trd, 000780.654, 106.0
Trd, 000781.019, 101
Trd, 000781.865, 102
Trd, 000782.212, 102
Trd, 000782.269, 102
Trd, 000783.192, 103
Trd, 000783.519, 100
Trd, 000783.712, 95.0
Trd, 000784.846, 102
Trd, 000785.115, 102
Trd, 000785.346, 101
Trd, 000787.788, 101
Trd, 000787.904, 101
Trd, 000787.923, 100
Trd, 000788.462, 100
Trd, 000788.769, 101
Trd, 000788.904, 100
Trd, 000789.481, 98.0
Trd, 000790.327, 94.0
Trd, 000791.135, 99
Trd, 000791.192, 100
Trd, 000791.750, 98
Trd, 000792.231, 100
Trd, 000792.269, 97
Trd, 000792.769, 99
Trd, 000792.827, 94.0
Trd, 000793.308, 93.0
Trd, 000794.731, 94.0
Trd, 000795.423, 97
Trd, 000795.577, 94
Trd, 000796.712, 93
Trd, 000796.769, 92.0
Trd, 000797.019, 92
Trd, 000797.250, 95
Trd, 000798.865, 102
Trd, 000799.058, 115
Trd, 000799.962, 101
Trd, 000799.981, 100
Trd, 000800.635, 107
Trd, 000801.019, 107.0
Trd, 000801.192, 106.0
Trd, 000802.615, 105
Trd, 000803.019, 104
Trd, 000803.538, 102.0
Trd, 000804.115, 105
Trd, 000804.538, 104
Trd, 000805.173, 103
Trd, 000805.423, 100
Trd, 000805.538, 98.0
Trd, 000805.577, 103
Trd, 000806.596, 91.0
Trd, 000807.058, 98
Trd, 000807.962, 99
Trd, 000808.212, 99
Trd, 000808.885, 98
Trd, 000809.404, 98
Trd, 000809.481, 97
Trd, 000809.904, 98
Trd, 000810.115, 95.0
Trd, 000811.231, 102
Trd, 000811.942, 111
Trd, 000812.462, 110
Trd, 000812.808, 97
Trd, 000813.519, 90.0
Trd, 000813.596, 99
Trd, 000814.154, 98
Trd, 000814.250, 99
Trd, 000814.346, 99
Trd, 000815.519, 98
Trd, 000815.846, 98.0
Trd, 000816.250, 99
Trd, 000816.635, 102
Trd, 000817.058, 98
Trd, 000817.635, 98
Trd, 000817.769, 99
Trd, 000817.788, 97
Trd, 000818.423, 97
Trd, 000819.442, 99
Trd, 000819.577, 94.0
Trd, 000820.519, 106.0
Trd, 000821.212, 111
Trd, 000821.750, 101
Trd, 000822.019, 94.0
Trd, 000822.365, 90.0
Trd, 000823.423, 110
Trd, 000824.481, 97
Trd, 000824.827, 99
Trd, 000825.365, 102.0
Trd, 000825.558, 100
Trd, 000825.596, 99
Trd, 000826.769, 99.0
Trd, 000827.731, 98
Trd, 000827.846, 98
Trd, 000828.308, 97.0
Trd, 000828.865, 96
Trd, 000829.135, 95
Trd, 000829.269, 98
Trd, 000829.923, 94.0
Trd, 000829.962, 90.0
Trd, 000830.615, 98
Trd, 000830.981, 92
Trd, 000831.115, 101
Trd, 000832.135, 92
Trd, 000832.327, 98
Trd, 000832.615, 106.0
Trd, 000833.731, 101
Trd, 000834.038, 94.0
Trd, 000834.519, 110
Trd, 000835.538, 96
Trd, 000835.731, 99
Trd, 000836.231, 103
Trd, 000836.404, 102
Trd, 000837.288, 106.0
Trd, 000837.558, 102.0
Trd, 000837.750, 103
Trd, 000837.769, 102
Trd, 000838.538, 100
Trd, 000838.962, 101
Trd, 000839.058, 94.0
Trd, 000840.846, 97
Trd, 000841.558, 91.0
Trd, 000841.692, 98
Trd, 000841.827, 95
Trd, 000842.096, 90.0
Trd, 000842.750, 96
Trd, 000842.923, 97
Trd, 000843.865, 100
Trd, 000844.423, 98
Trd, 000845.135, 97
Trd, 000846.173, 97
Trd, 000846.673, 96
Trd, 000846.750, 94.0
Trd, 000847.058, 98
Trd, 000847.462, 97
Trd, 000847.558, 98
Trd, 000848.308, 97
Trd, 000848.519, 96
Trd, 000849.442, 97
Trd, 000849.692, 98
Trd, 000850.192, 95.0
Trd, 000851.865, 98
Trd, 000851.885, 94
Trd, 000852.077, 98
Trd, 000852.538, 100
Trd, 000853.019, 94.0
Trd, 000854.519, 96
Trd, 000854.827, 96
Trd, 000855.423, 100
Trd, 000855.962, 106
Trd, 000856.385, 104
Trd, 000856.673, 110
Trd, 000856.885, 99
Trd, 000857.615, 104
Trd, 000858.115, 101
Trd, 000859.019, 104
Trd, 000859.404, 102
Trd, 000859.519, 100
Trd, 000859.827, 102
Trd, 000859.962, 102.0
Trd, 000860.115, 103
Trd, 000860.250, 103
Trd, 000860.596, 102
Trd, 000862.500, 98.0
Trd, 000862.692, 90
Trd, 000863.269, 97
Trd, 000863.596, 96
Trd, 000863.692, 99
