Trd, 000001.940, 137.0
Trd, 000004.380, 118.0
Trd, 000004.700, 114
Trd, 000004.900, 114
Trd, 000005.040, 113
Trd, 000005.140, 118
Trd, 000005.240, 119
Trd, 000006.140, 94
Trd, 000006.340, 97
Trd, 000007.100, 98
Trd, 000007.600, 99.0
Trd, 000008.120, 101
Trd, 000008.260, 97
Trd, 000009.800, 106.0
Trd, 000009.860, 104.0
Trd, 000010.100, 106
Trd, 000010.720, 104
Trd, 000010.880, 106
Trd, 000012.400, 104
Trd, 000012.460, 105
Trd, 000012.480, 103
Trd, 000012.820, 108.0
Trd, 000013.260, 108
Trd, 000013.700, 105.0
Trd, 000015.220, 108.0
Trd, 000015.460, 107
Trd, 000015.540, 112
Trd, 000016.560, 108.0
Trd, 000017.100, 115.0
Trd, 000017.360, 104.0
Trd, 000017.580, 116.0
Trd, 000018.260, 104
Trd, 000018.680, 117
Trd, 000019.440, 109
Trd, 000019.980, 106
Trd, 000020.140, 103
Trd, 000020.640, 103
Trd, 000021.100, 102
Trd, 000021.860, 100
Trd, 000022.220, 101
Trd, 000022.360, 102
Trd, 000022.500, 105
Trd, 000024.200, 107
Trd, 000024.460, 105
Trd, 000025.360, 107
Trd, 000025.520, 107
Trd, 000026.200, 108
Trd, 000026.300, 108.0
Trd, 000026.380, 105
Trd, 000026.820, 104
Trd, 000027.100, 99
Trd, 000028.140, 102
Trd, 000028.960, 102
Trd, 000028.980, 103
Trd, 000029.440, 104
Trd, 000029.480, 101
Trd, 000029.580, 116.0
Trd, 000029.680, 120
Trd, 000029.980, 101
Trd, 000030.340, 100
Trd, 000032.080, 108.0
Trd, 000032.180, 103
Trd, 000033.420, 104.0
Trd, 000033.620, 109
Trd, 000034.000, 110
Trd, 000035.400, 107
Trd, 000035.900, 107.0
Trd, 000036.500, 107
Trd, 000036.760, 107
Trd, 000036.800, 106
Trd, 000036.900, 108.0
Trd, 000037.440, 108
Trd, 000038.100, 110
Trd, 000038.720, 112
Trd, 000040.020, 109
Trd, 000040.040, 112.0
Trd, 000040.460, 108
Trd, 000040.900, 108.0
Trd, 000041.320, 108
Trd, 000041.340, 105
Trd, 000042.920, 106
Trd, 000043.380, 105.0
Trd, 000043.780, 106
Trd, 000043.980, 105.0
Trd, 000044.660, 104.0
Trd, 000044.840, 102
Trd, 000045.200, 104
Trd, 000046.600, 111
Trd, 000047.640, 106
Trd, 000047.720, 105
Trd, 000047.860, 107.0
Trd, 000048.540, 106
Trd, 000048.860, 108.0
Trd, 000048.960, 112
Trd, 000049.840, 99
Trd, 000050.320, 109
Trd, 000050.760, 105
Trd, 000050.820, 104
Trd, 000051.100, 110
Trd, 000051.560, 105
Trd, 000052.900, 107.0
Trd, 000053.700, 108.0
Trd, 000053.720, 106
Trd, 000054.100, 105.0
Trd, 000054.200, 104.0
Trd, 000054.220, 101
Trd, 000055.140, 112
Trd, 000055.800, 108
Trd, 000056.040, 107
Trd, 000056.060, 112
Trd, 000057.220, 106
Trd, 000057.640, 116.0
Trd, 000057.840, 107
Trd, 000057.860, 106
Trd, 000058.280, 111
Trd, 000058.960, 106.0
Trd, 000059.240, 108.0
Trd, 000059.900, 108
Trd, 000060.480, 108
Trd, 000061.160, 112
Trd, 000061.560, 106
Trd, 000061.620, 113
Trd, 000062.020, 104.0
Trd, 000062.520, 107
Trd, 000064.300, 105
Trd, 000065.460, 104
Trd, 000065.640, 104.0
Trd, 000065.840, 101
Trd, 000066.020, 103
Trd, 000066.580, 103
Trd, 000067.360, 101
Trd, 000067.560, 102
Trd, 000067.820, 105
Trd, 000068.240, 100
Trd, 000068.340, 102
Trd, 000068.720, 99
Trd, 000069.400, 106
Trd, 000070.360, 108.0
Trd, 000072.120, 111
Trd, 000072.660, 108
Trd, 000073.600, 109
Trd, 000074.000, 109
Trd, 000074.180, 112
Trd, 000074.820, 110
Trd, 000075.060, 113
Trd, 000075.240, 109
Trd, 000075.620, 114.0
Trd, 000075.800, 108.0
Trd, 000077.020, 109
Trd, 000077.080, 108
Trd, 000077.840, 108
Trd, 000077.960, 111
Trd, 000078.040, 112
Trd, 000078.160, 112
Trd, 000079.280, 106
Trd, 000080.560, 111
Trd, 000080.820, 106.0
Trd, 000081.260, 105
Trd, 000081.340, 113
Trd, 000081.520, 104.0
Trd, 000081.540, 114
Trd, 000082.500, 100
Trd, 000084.580, 105
Trd, 000084.880, 105
Trd, 000085.480, 105
Trd, 000085.500, 107
Trd, 000087.480, 106
Trd, 000087.720, 104
Trd, 000087.940, 108.0
Trd, 000088.000, 104.0
Trd, 000088.500, 112
Trd, 000088.740, 100
Trd, 000088.760, 99
Trd, 000090.360, 110
Trd, 000090.500, 109
Trd, 000090.860, 116.0
Trd, 000093.240, 111
Trd, 000093.980, 111.0
Trd, 000094.760, 111.0
Trd, 000095.000, 109
Trd, 000095.580, 107.0
Trd, 000095.860, 105.0
Trd, 000096.400, 108.0
Trd, 000097.580, 108
Trd, 000097.960, 105
Trd, 000098.420, 105
Trd, 000098.460, 106
Trd, 000098.680, 104.0
Trd, 000098.840, 99
Trd, 000100.540, 105
Trd, 000100.860, 102
Trd, 000101.080, 101
Trd, 000101.280, 107
Trd, 000101.480, 103
Trd, 000101.600, 101
Trd, 000102.320, 107.0
Trd, 000102.660, 106
Trd, 000103.320, 105.0
Trd, 000103.660, 104.0
Trd, 000105.060, 104
Trd, 000106.460, 107.0
Trd, 000106.540, 108.0
Trd, 000106.740, 101
Trd, 000107.520, 110
Trd, 000107.800, 100
Trd, 000109.880, 105.0
Trd, 000109.980, 108.0
Trd, 000110.720, 108
Trd, 000111.240, 108
Trd, 000111.300, 109.0
Trd, 000111.460, 111
Trd, 000112.420, 109
Trd, 000112.560, 111
Trd, 000113.340, 112
Trd, 000113.700, 108.0
Trd, 000113.840, 114
Trd, 000114.400, 107
Trd, 000115.500, 111
Trd, 000115.780, 116.0
Trd, 000116.120, 110
Trd, 000116.520, 108.0
Trd, 000116.900, 108
Trd, 000117.820, 110
Trd, 000117.860, 104.0
Trd, 000118.520, 103
Trd, 000118.800, 108.0
Trd, 000119.120, 102
Trd, 000119.900, 111
Trd, 000120.320, 114
Trd, 000120.420, 102
Trd, 000120.640, 115
Trd, 000121.440, 113.0
Trd, 000121.720, 113.0
Trd, 000122.520, 107.0
Trd, 000123.340, 108.0
Trd, 000123.420, 107
Trd, 000124.300, 107
Trd, 000125.060, 106.0
Trd, 000125.240, 110
Trd, 000125.960, 105
Trd, 000126.280, 109
Trd, 000126.980, 108
Trd, 000128.500, 106.0
Trd, 000128.620, 99
Trd, 000129.100, 106
Trd, 000129.640, 105.0
Trd, 000130.700, 105
Trd, 000130.880, 105
Trd, 000131.200, 106
Trd, 000131.380, 107
Trd, 000131.420, 104.0
Trd, 000132.000, 112
Trd, 000132.520, 106
Trd, 000133.020, 108.0
Trd, 000133.180, 107
Trd, 000134.120, 108
Trd, 000134.580, 107
Trd, 000135.960, 106
Trd, 000136.000, 107
Trd, 000136.840, 105
Trd, 000137.480, 106
Trd, 000138.160, 104.0
Trd, 000138.480, 99
Trd, 000139.060, 103.0
Trd, 000140.380, 101
Trd, 000140.720, 103.0
Trd, 000141.160, 100
Trd, 000141.220, 99
Trd, 000141.240, 108
Trd, 000142.920, 106.0
Trd, 000144.240, 104
Trd, 000144.460, 102
Trd, 000144.540, 105
Trd, 000144.640, 108.0
Trd, 000144.840, 115
Trd, 000145.460, 100
Trd, 000147.540, 105
Trd, 000147.720, 105.0
Trd, 000148.040, 108
Trd, 000149.000, 105
Trd, 000149.260, 107
Trd, 000150.340, 106
Trd, 000150.440, 107
Trd, 000150.520, 106.0
Trd, 000151.120, 108
Trd, 000151.440, 109.0
Trd, 000151.560, 108.0
Trd, 000151.600, 104.0
Trd, 000152.220, 108
Trd, 000152.420, 100
Trd, 000152.740, 113
Trd, 000154.260, 108.0
Trd, 000154.600, 106
Trd, 000155.200, 109
Trd, 000155.740, 106.0
Trd, 000156.600, 106.0
Trd, 000158.440, 105.0
Trd, 000159.640, 104.0
Trd, 000160.160, 102
Trd, 000160.220, 99
Trd, 000160.680, 106
Trd, 000162.140, 104.0
Trd, 000162.520, 105
Trd, 000163.120, 108
Trd, 000163.220, 103
Trd, 000163.540, 108.0
Trd, 000163.880, 107
Trd, 000163.920, 108
Trd, 000164.060, 112
Trd, 000164.340, 114
Trd, 000164.660, 115
Trd, 000165.040, 109
Trd, 000165.360, 108.0
Trd, 000167.040, 100
Trd, 000167.780, 112
Trd, 000167.920, 105.0
Trd, 000167.960, 108.0
Trd, 000168.440, 104.0
Trd, 000169.400, 115.0
Trd, 000170.300, 116
Trd, 000171.000, 114.0
Trd, 000171.260, 111
Trd, 000172.060, 110
Trd, 000172.840, 111
Trd, 000172.960, 108
Trd, 000173.020, 112
Trd, 000173.180, 113
Trd, 000173.360, 116.0
Trd, 000173.400, 108.0
Trd, 000173.520, 123
Trd, 000174.400, 111
Trd, 000174.440, 108.0
Trd, 000176.680, 109
Trd, 000176.760, 110
Trd, 000176.880, 108
Trd, 000177.360, 104.0
Trd, 000179.160, 106
Trd, 000180.000, 106
Trd, 000180.380, 105
Trd, 000180.560, 103
Trd, 000180.800, 106
Trd, 000181.420, 107
Trd, 000181.840, 107.0
Trd, 000182.220, 108.0
Trd, 000182.340, 101
Trd, 000182.460, 100
Trd, 000183.140, 108
Trd, 000183.840, 108.0
Trd, 000184.140, 104.0
Trd, 000184.900, 103
Trd, 000185.000, 112
Trd, 000185.220, 115
Trd, 000185.880, 107
Trd, 000187.320, 108.0
Trd, 000188.020, 107
Trd, 000188.220, 108
Trd, 000189.360, 106
Trd, 000189.500, 99
Trd, 000190.440, 108
Trd, 000191.120, 109
Trd, 000192.140, 106
Trd, 000192.800, 107
Trd, 000193.080, 106
Trd, 000193.540, 107
Trd, 000193.860, 108
Trd, 000194.260, 109
Trd, 000194.580, 115
Trd, 000194.980, 108.0
Trd, 000195.620, 109
Trd, 000195.700, 108
Trd, 000195.720, 108
Trd, 000198.860, 106
Trd, 000199.080, 100
Trd, 000200.060, 99
Trd, 000200.440, 105
Trd, 000200.500, 105
Trd, 000201.360, 105.0
Trd, 000201.440, 107
Trd, 000201.580, 105.0
Trd, 000203.260, 104.0
Trd, 000203.280, 107.0
Trd, 000203.940, 104
Trd, 000205.140, 108
Trd, 000205.180, 104
Trd, 000205.360, 109
Trd, 000206.360, 111
Trd, 000207.260, 108.0
Trd, 000207.480, 107
Trd, 000208.180, 109
Trd, 000209.420, 106
Trd, 000209.620, 105
Trd, 000211.280, 108.0
Trd, 000211.500, 108.0
Trd, 000211.520, 111
Trd, 000211.780, 116
Trd, 000212.020, 106
Trd, 000213.180, 112.0
Trd, 000213.560, 108
Trd, 000213.720, 109
Trd, 000214.560, 109
Trd, 000215.060, 105
Trd, 000215.800, 108.0
Trd, 000217.140, 107.0
Trd, 000217.620, 112
Trd, 000218.420, 115.0
Trd, 000218.500, 116.0
Trd, 000218.840, 111.0
Trd, 000219.260, 112
Trd, 000219.720, 116
Trd, 000220.300, 113
Trd, 000221.300, 111
Trd, 000222.040, 112
Trd, 000222.640, 111
Trd, 000223.180, 112
Trd, 000223.600, 113
Trd, 000223.620, 113
Trd, 000223.780, 111
Trd, 000224.200, 111
Trd, 000225.600, 109
Trd, 000226.120, 109
Trd, 000226.720, 107.0
Trd, 000226.980, 106
Trd, 000227.720, 106
Trd, 000228.600, 106.0
Trd, 000228.960, 104.0
Trd, 000229.780, 106
Trd, 000229.960, 107
Trd, 000230.100, 105
Trd, 000230.960, 105
Trd, 000231.500, 104.0
Trd, 000232.060, 103
Trd, 000232.280, 106.0
Trd, 000232.640, 108.0
Trd, 000232.720, 110
Trd, 000233.200, 102
Trd, 000233.360, 116.0
Trd, 000234.720, 106.0
Trd, 000235.600, 105
Trd, 000235.980, 105
Trd, 000236.860, 106
Trd, 000238.400, 105
Trd, 000239.240, 107.0
Trd, 000239.580, 107.0
Trd, 000240.120, 105.0
Trd, 000240.940, 108.0
Trd, 000241.040, 109
Trd, 000241.480, 108
Trd, 000241.600, 104.0
Trd, 000242.160, 110
Trd, 000242.840, 105
Trd, 000243.040, 108
Trd, 000244.440, 108
Trd, 000244.860, 110
Trd, 000245.880, 114
Trd, 000245.920, 116.0
Trd, 000246.280, 110
Trd, 000246.580, 109
Trd, 000247.240, 108.0
Trd, 000248.400, 112
Trd, 000248.600, 112
Trd, 000249.320, 108
Trd, 000249.520, 116.0
Trd, 000249.800, 110.0
Trd, 000250.400, 110.0
Trd, 000250.440, 108.0
Trd, 000250.580, 117
Trd, 000251.640, 107
Trd, 000253.160, 110
Trd, 000253.500, 108
Trd, 000253.820, 110
Trd, 000253.880, 111
Trd, 000254.180, 100
Trd, 000255.740, 106
Trd, 000256.840, 108.0
Trd, 000257.300, 109
Trd, 000257.640, 108.0
Trd, 000258.380, 112
Trd, 000258.580, 115.0
Trd, 000259.400, 108.0
Trd, 000259.500, 116.0
Trd, 000259.680, 110
Trd, 000260.040, 108
Trd, 000260.760, 107
Trd, 000261.920, 109
Trd, 000263.000, 109
Trd, 000263.040, 108.0
Trd, 000263.080, 110
Trd, 000263.320, 107
Trd, 000264.280, 110
Trd, 000264.940, 112
Trd, 000265.320, 107
Trd, 000266.140, 106
Trd, 000266.800, 109
Trd, 000267.920, 106.0
Trd, 000269.640, 106
Trd, 000269.740, 106
Trd, 000269.780, 105
Trd, 000270.120, 107
Trd, 000270.280, 99
Trd, 000270.880, 110
Trd, 000271.660, 107
Trd, 000272.220, 107.0
Trd, 000273.140, 104.0
Trd, 000273.360, 98
Trd, 000273.400, 108.0
Trd, 000273.640, 112
Trd, 000274.540, 99
Trd, 000274.980, 112
Trd, 000275.220, 113.0
Trd, 000275.460, 99
Trd, 000278.460, 108.0
Trd, 000279.000, 108.0
Trd, 000279.340, 108.0
Trd, 000279.740, 107
Trd, 000279.800, 104.0
Trd, 000279.920, 108
Trd, 000280.980, 98
Trd, 000281.800, 108
Trd, 000282.140, 103
Trd, 000282.200, 103
Trd, 000282.920, 102
Trd, 000283.960, 104
Trd, 000284.160, 104
Trd, 000285.060, 105
Trd, 000285.460, 110
Trd, 000285.780, 104
Trd, 000285.860, 112
Trd, 000286.660, 108.0
Trd, 000287.280, 106
Trd, 000288.660, 110
Trd, 000288.940, 108
Trd, 000290.380, 106
Trd, 000290.720, 108.0
Trd, 000291.120, 105.0
Trd, 000291.460, 104.0
Trd, 000291.580, 106
Trd, 000291.600, 112
Trd, 000291.700, 98
Trd, 000291.900, 116.0
Trd, 000293.140, 111
Trd, 000293.620, 113
Trd, 000293.980, 99
Trd, 000294.180, 117
Trd, 000295.440, 100
Trd, 000296.300, 103
Trd, 000296.500, 106
Trd, 000296.560, 107
Trd, 000297.960, 104
Trd, 000298.080, 103
Trd, 000298.500, 103
Trd, 000298.840, 98
Trd, 000298.860, 103
Trd, 000299.120, 97
Trd, 000300.080, 108.0
Trd, 000300.340, 111
Trd, 000300.360, 112
Trd, 000301.720, 125.0
Trd, 000301.780, 108
Trd, 000302.620, 111
Trd, 000303.460, 110
Trd, 000304.740, 108
Trd, 000304.820, 111
Trd, 000305.100, 104.0
Trd, 000305.460, 112.0
Trd, 000305.920, 108.0
Trd, 000306.040, 112.0
Trd, 000306.380, 105
Trd, 000308.120, 105
Trd, 000308.280, 116.0
Trd, 000308.420, 107
Trd, 000308.880, 106
Trd, 000309.240, 108.0
Trd, 000309.480, 113
Trd, 000310.240, 107
Trd, 000311.060, 106
Trd, 000311.800, 109
Trd, 000312.000, 104.0
Trd, 000312.440, 108.0
Trd, 000314.420, 106
Trd, 000315.040, 107
Trd, 000315.420, 108
Trd, 000315.680, 106
Trd, 000315.840, 104.0
Trd, 000315.880, 97
Trd, 000316.700, 106
Trd, 000316.940, 106
Trd, 000317.220, 107
Trd, 000319.260, 105
Trd, 000319.320, 104
Trd, 000319.640, 104
Trd, 000320.100, 107
Trd, 000320.300, 97
Trd, 000320.840, 108
Trd, 000320.900, 108.0
Trd, 000321.460, 99
Trd, 000321.620, 109
Trd, 000322.700, 111
Trd, 000323.760, 112
Trd, 000324.680, 104.0
Trd, 000324.760, 101
Trd, 000325.160, 99
Trd, 000325.900, 112
Trd, 000326.200, 99
Trd, 000326.520, 108.0
Trd, 000326.580, 109
Trd, 000328.460, 105
Trd, 000329.240, 105
Trd, 000329.320, 104.0
Trd, 000329.540, 111
Trd, 000329.560, 116.0
Trd, 000330.360, 105
Trd, 000330.380, 104
Trd, 000331.300, 108.0
Trd, 000331.380, 110
Trd, 000332.000, 105.0
Trd, 000332.720, 105.0
Trd, 000333.180, 105
Trd, 000333.800, 106.0
Trd, 000334.700, 104.0
Trd, 000335.300, 99
Trd, 000336.080, 105
Trd, 000336.100, 108.0
Trd, 000336.200, 98
Trd, 000336.840, 110
Trd, 000337.400, 111
Trd, 000337.540, 97
Trd, 000339.020, 109
Trd, 000340.140, 111
Trd, 000340.380, 108.0
Trd, 000341.140, 109
Trd, 000341.420, 108.0
Trd, 000342.220, 109
Trd, 000342.660, 106
Trd, 000342.940, 105.0
Trd, 000343.160, 108
Trd, 000343.280, 112
Trd, 000343.860, 109
Trd, 000344.140, 105.0
Trd, 000345.540, 108.0
Trd, 000346.040, 107
Trd, 000346.780, 108
Trd, 000347.220, 110
Trd, 000348.220, 110
Trd, 000348.380, 107
Trd, 000348.440, 104.0
Trd, 000348.460, 111
Trd, 000349.520, 108.0
Trd, 000350.580, 98
Trd, 000351.620, 104.0
Trd, 000351.720, 105
Trd, 000352.200, 105
Trd, 000352.460, 104
Trd, 000352.880, 111
Trd, 000354.360, 105
Trd, 000355.360, 108.0
Trd, 000355.500, 112
Trd, 000355.660, 106
Trd, 000356.400, 114.0
Trd, 000357.480, 108
Trd, 000357.920, 112
Trd, 000358.860, 108
Trd, 000358.980, 108
Trd, 000359.920, 109
Trd, 000360.360, 116.0
Trd, 000360.820, 112
Trd, 000361.300, 108
Trd, 000361.380, 111
Trd, 000362.500, 112
Trd, 000362.640, 109
Trd, 000363.340, 108.0
Trd, 000363.620, 111
Trd, 000363.760, 107
Trd, 000364.060, 104.0
Trd, 000364.200, 97
Trd, 000365.360, 116
Trd, 000365.820, 102
Trd, 000366.000, 117
Trd, 000367.500, 112
Trd, 000368.080, 112
Trd, 000368.420, 111
Trd, 000368.440, 110
Trd, 000368.720, 113
Trd, 000369.240, 113
Trd, 000369.280, 126
Trd, 000369.660, 113
Trd, 000370.220, 108.0
Trd, 000370.620, 105.0
Trd, 000371.560, 96
Trd, 000371.580, 91.0
Trd, 000371.800, 114
Trd, 000372.520, 104.0
Trd, 000373.720, 105
Trd, 000373.940, 106
Trd, 000373.980, 110
Trd, 000374.560, 115.0
Trd, 000374.600, 116.0
Trd, 000375.100, 115
Trd, 000375.960, 111
Trd, 000376.420, 108.0
Trd, 000376.840, 108
Trd, 000377.400, 104.0
Trd, 000378.660, 109
Trd, 000378.700, 106
Trd, 000378.800, 111
Trd, 000379.120, 114
Trd, 000379.320, 96
Trd, 000379.760, 116.0
Trd, 000381.360, 97
Trd, 000381.540, 107.0
Trd, 000382.460, 106.0
Trd, 000383.280, 106.0
Trd, 000383.520, 108.0
Trd, 000383.740, 107.0
Trd, 000383.780, 109
Trd, 000384.500, 110
Trd, 000384.700, 110
Trd, 000385.100, 104.0
Trd, 000385.400, 109
Trd, 000385.460, 108.0
Trd, 000385.780, 96
Trd, 000386.240, 104
Trd, 000386.360, 107
Trd, 000387.420, 104
Trd, 000389.180, 100
Trd, 000389.280, 104
Trd, 000389.740, 100
Trd, 000389.880, 108
Trd, 000390.460, 99
Trd, 000391.280, 108.0
Trd, 000391.960, 111
Trd, 000392.980, 107
Trd, 000393.000, 106
Trd, 000393.280, 106
Trd, 000393.600, 105
Trd, 000393.900, 106
Trd, 000393.940, 104.0
Trd, 000394.360, 108
Trd, 000394.520, 108.0
Trd, 000394.560, 95
Trd, 000395.000, 108
Trd, 000396.760, 109
Trd, 000398.140, 109
Trd, 000399.080, 111
Trd, 000399.340, 111
Trd, 000399.480, 110
Trd, 000399.760, 110
Trd, 000399.920, 108.0
Trd, 000400.240, 111
Trd, 000400.500, 105
Trd, 000401.740, 110
Trd, 000402.780, 105
Trd, 000404.020, 105
Trd, 000404.040, 106
Trd, 000404.060, 104.0
Trd, 000404.400, 99
Trd, 000405.860, 103
Trd, 000407.160, 102
Trd, 000407.200, 103
Trd, 000407.680, 103
Trd, 000408.360, 104
Trd, 000408.860, 102
Trd, 000410.160, 100
Trd, 000410.480, 102
Trd, 000410.620, 102
Trd, 000411.060, 101
Trd, 000411.560, 105
Trd, 000412.340, 103
Trd, 000412.800, 104
Trd, 000412.880, 108.0
Trd, 000413.660, 105
Trd, 000414.560, 112
Trd, 000414.760, 104.0
Trd, 000414.780, 115.0
Trd, 000416.840, 104
Trd, 000417.340, 105
Trd, 000417.860, 108.0
Trd, 000418.340, 108
Trd, 000418.620, 105
Trd, 000418.820, 113.0
Trd, 000419.100, 114.0
Trd, 000419.120, 110
Trd, 000419.160, 117
Trd, 000419.200, 108
Trd, 000420.000, 102
Trd, 000420.280, 99
Trd, 000420.620, 95
Trd, 000421.460, 100
Trd, 000422.520, 101
Trd, 000423.020, 102
Trd, 000423.420, 101
Trd, 000423.960, 101
Trd, 000425.460, 106.0
Trd, 000426.440, 108.0
Trd, 000426.600, 116.0
Trd, 000426.800, 118
Trd, 000427.840, 113
Trd, 000428.020, 111
Trd, 000428.320, 112
Trd, 000428.680, 109
Trd, 000428.720, 108.0
Trd, 000428.740, 112
Trd, 000429.540, 104.0
Trd, 000430.320, 99
Trd, 000430.760, 109
Trd, 000431.560, 108
Trd, 000431.900, 107.0
Trd, 000432.460, 108.0
Trd, 000432.820, 112
Trd, 000433.820, 106.0
Trd, 000433.900, 104.0
Trd, 000434.440, 105
Trd, 000434.980, 106
Trd, 000435.040, 104
Trd, 000435.140, 104.0
Trd, 000435.560, 101
Trd, 000435.860, 104
Trd, 000435.880, 95
Trd, 000436.340, 91.0
Trd, 000438.740, 100
Trd, 000439.380, 100
Trd, 000439.600, 108.0
Trd, 000440.000, 100
Trd, 000440.320, 102
Trd, 000441.000, 107.0
Trd, 000441.740, 105
Trd, 000442.580, 104
Trd, 000443.100, 106.0
Trd, 000443.440, 104.0
Trd, 000444.380, 106.0
Trd, 000444.420, 108.0
Trd, 000446.160, 108.0
Trd, 000446.640, 112
Trd, 000447.020, 110
Trd, 000447.740, 108
Trd, 000448.380, 112.0
Trd, 000448.420, 107
Trd, 000448.620, 99
Trd, 000449.040, 96
Trd, 000449.140, 112.0
Trd, 000450.180, 107
Trd, 000450.660, 106
Trd, 000451.360, 107
Trd, 000451.580, 105
Trd, 000453.100, 104.0
Trd, 000453.380, 105
Trd, 000453.500, 104
Trd, 000454.140, 98
Trd, 000454.260, 108.0
Trd, 000454.760, 110
Trd, 000455.120, 110
Trd, 000455.600, 112
Trd, 000457.720, 113.0
Trd, 000457.820, 109.0
Trd, 000458.080, 108
Trd, 000458.100, 114.0
Trd, 000458.180, 118
Trd, 000459.560, 110
Trd, 000459.620, 108
Trd, 000460.240, 112
Trd, 000460.560, 113
Trd, 000462.180, 115
Trd, 000462.380, 109
Trd, 000463.080, 112
Trd, 000463.480, 112
Trd, 000464.040, 113
Trd, 000464.580, 111
Trd, 000464.780, 111
Trd, 000465.900, 108.0
Trd, 000466.500, 112
Trd, 000466.760, 107.0
Trd, 000467.200, 113
Trd, 000467.660, 115.0
Trd, 000467.800, 106.0
Trd, 000468.000, 116.0
Trd, 000468.060, 106
Trd, 000468.220, 97
Trd, 000468.900, 100
Trd, 000469.780, 99
Trd, 000470.400, 99
Trd, 000470.960, 100
Trd, 000471.280, 101
Trd, 000471.360, 115
Trd, 000471.480, 99
Trd, 000471.780, 118
Trd, 000473.020, 99
Trd, 000473.060, 95
Trd, 000473.300, 115
Trd, 000475.760, 108
Trd, 000475.920, 111
Trd, 000476.340, 108
Trd, 000476.760, 110
Trd, 000477.380, 110
Trd, 000478.160, 109
Trd, 000478.220, 112
Trd, 000478.240, 108
Trd, 000478.440, 107
Trd, 000479.060, 115.0
Trd, 000479.240, 104.0
Trd, 000479.300, 116.0
Trd, 000479.440, 118
Trd, 000480.020, 107.0
Trd, 000480.100, 108.0
Trd, 000480.120, 103
Trd, 000480.500, 97
Trd, 000480.920, 96
Trd, 000481.660, 96
Trd, 000481.960, 95
Trd, 000483.100, 97
Trd, 000483.200, 100
Trd, 000483.320, 95
Trd, 000484.700, 100
Trd, 000485.720, 99
Trd, 000486.720, 100
Trd, 000486.760, 101
Trd, 000488.540, 108.0
Trd, 000488.580, 116.0
Trd, 000488.660, 107
Trd, 000489.220, 107
Trd, 000489.540, 107
Trd, 000490.620, 111
Trd, 000492.440, 107
Trd, 000492.920, 106
Trd, 000493.020, 104.0
Trd, 000493.100, 107
Trd, 000493.260, 108.0
Trd, 000493.680, 100
Trd, 000495.180, 107
Trd, 000495.500, 106
Trd, 000495.860, 107
Trd, 000496.500, 105
Trd, 000496.560, 108.0
Trd, 000497.300, 105
Trd, 000497.580, 112
Trd, 000498.420, 105
Trd, 000498.840, 105
Trd, 000499.060, 106
Trd, 000499.940, 106
Trd, 000500.680, 116.0
Trd, 000500.940, 118
Trd, 000501.040, 106.0
Trd, 000501.980, 107.0
Trd, 000502.340, 107
Trd, 000502.400, 107
Trd, 000503.140, 107.0
Trd, 000503.600, 107
Trd, 000504.400, 106
Trd, 000505.000, 106
Trd, 000505.400, 104.0
Trd, 000505.620, 106
Trd, 000506.800, 103.0
Trd, 000507.080, 103
Trd, 000507.120, 101
Trd, 000507.500, 113
Trd, 000507.880, 100
Trd, 000508.340, 101
Trd, 000508.680, 99
Trd, 000509.040, 116.0
Trd, 000509.500, 94
Trd, 000510.000, 106.0
Trd, 000510.340, 108.0
Trd, 000511.640, 114
Trd, 000511.760, 107
Trd, 000512.200, 108.0
Trd, 000512.440, 107
Trd, 000513.280, 116
Trd, 000514.480, 106
Trd, 000514.800, 110
Trd, 000514.920, 117
Trd, 000515.900, 106
Trd, 000516.700, 106
Trd, 000517.600, 104.0
Trd, 000517.780, 106.0
Trd, 000518.460, 107.0
Trd, 000518.640, 106
Trd, 000518.940, 106
Trd, 000519.080, 95
Trd, 000520.040, 104.0
Trd, 000520.380, 103
Trd, 000520.920, 103.0
Trd, 000522.100, 102.0
Trd, 000522.160, 102
Trd, 000522.320, 102.0
Trd, 000522.500, 100
Trd, 000522.920, 99
Trd, 000523.220, 108.0
Trd, 000524.700, 105
Trd, 000525.860, 106
Trd, 000526.020, 106
Trd, 000526.840, 107.0
Trd, 000527.460, 108.0
Trd, 000527.480, 112
Trd, 000527.540, 106
Trd, 000528.300, 115.0
Trd, 000528.760, 104.0
Trd, 000529.120, 116.0
Trd, 000529.400, 99
Trd, 000530.000, 109
Trd, 000530.280, 117
Trd, 000530.380, 104.0
Trd, 000531.020, 107
Trd, 000531.800, 100
Trd, 000532.920, 101
Trd, 000533.060, 99
Trd, 000533.680, 113
Trd, 000535.000, 106
Trd, 000535.800, 105
Trd, 000536.140, 107
Trd, 000536.340, 108.0
Trd, 000537.240, 107
Trd, 000538.140, 105
Trd, 000538.340, 105
Trd, 000538.540, 104.0
Trd, 000538.820, 104
Trd, 000538.960, 99
Trd, 000539.560, 108
Trd, 000540.800, 95
Trd, 000540.840, 98
Trd, 000541.100, 94
Trd, 000541.460, 100
Trd, 000541.900, 100
Trd, 000542.440, 98
Trd, 000543.580, 99
Trd, 000544.140, 101
Trd, 000544.320, 108.0
Trd, 000544.740, 112
Trd, 000545.080, 116.0
Trd, 000545.360, 99
Trd, 000546.480, 104
Trd, 000547.020, 103
Trd, 000547.180, 105
Trd, 000547.320, 119
Trd, 000548.200, 104.0
Trd, 000548.940, 107
Trd, 000549.060, 108.0
Trd, 000549.920, 106
Trd, 000550.800, 107
Trd, 000552.560, 100
Trd, 000552.880, 104.0
Trd, 000553.480, 105
Trd, 000553.740, 104
Trd, 000553.900, 105.0
Trd, 000554.480, 104.0
Trd, 000554.520, 108.0
Trd, 000554.780, 112
Trd, 000555.180, 107
Trd, 000555.540, 119
Trd, 000556.480, 109
Trd, 000557.600, 112
Trd, 000558.140, 113
Trd, 000558.360, 112
Trd, 000558.380, 110
Trd, 000558.640, 114
Trd, 000558.880, 94
Trd, 000559.680, 115
Trd, 000559.720, 116
Trd, 000560.580, 108.0
Trd, 000560.960, 101
Trd, 000561.780, 97
Trd, 000563.380, 91
Trd, 000563.440, 103
Trd, 000564.580, 100
Trd, 000564.640, 103
Trd, 000565.160, 96
Trd, 000565.620, 95
Trd, 000565.840, 100
Trd, 000566.440, 101
Trd, 000567.100, 95
Trd, 000567.560, 110
Trd, 000567.860, 109
Trd, 000568.520, 112
Trd, 000570.100, 108
Trd, 000570.260, 109
Trd, 000570.580, 108.0
Trd, 000572.600, 109.0
Trd, 000572.880, 110
Trd, 000573.540, 112
Trd, 000573.560, 109
Trd, 000573.720, 116.0
Trd, 000574.020, 108.0
Trd, 000574.840, 107
Trd, 000576.540, 108
Trd, 000576.560, 110
Trd, 000576.760, 111
Trd, 000577.260, 107
Trd, 000577.560, 108
Trd, 000577.820, 104.0
Trd, 000578.200, 111
Trd, 000578.580, 107
Trd, 000579.080, 108.0
Trd, 000579.240, 95
Trd, 000579.700, 110
Trd, 000579.760, 111
Trd, 000581.920, 104.0
Trd, 000582.480, 107.0
Trd, 000582.580, 108.0
Trd, 000582.860, 106
Trd, 000583.280, 106
Trd, 000583.440, 104
Trd, 000584.560, 103
Trd, 000584.680, 97
Trd, 000585.840, 110
Trd, 000585.880, 95
Trd, 000586.840, 106
Trd, 000587.780, 108.0
Trd, 000588.160, 107.0
Trd, 000588.720, 107
Trd, 000588.760, 111
Trd, 000589.560, 106
Trd, 000589.960, 106
Trd, 000590.340, 104.0
Trd, 000590.700, 106
Trd, 000591.020, 107
Trd, 000592.680, 104
Trd, 000593.060, 104
Trd, 000593.640, 105
Trd, 000593.800, 106
Trd, 000594.940, 106.0
Trd, 000595.320, 108.0
Trd, 000596.620, 113.0
Trd, 000597.200, 105
Trd, 000597.480, 113.0
Trd, 000597.800, 119
Trd, 000597.840, 106.0
Trd, 000597.860, 120
Trd, 000597.900, 106
Trd, 000597.940, 104.0
Trd, 000599.100, 100
Trd, 000599.840, 104
Trd, 000600.760, 101
Trd, 000601.080, 104.0
Trd, 000601.780, 99
Trd, 000602.240, 94
Trd, 000602.340, 103
Trd, 000603.280, 90
Trd, 000603.320, 101
Trd, 000605.880, 96.0
Trd, 000606.000, 95.0
Trd, 000606.200, 97
Trd, 000606.740, 97
Trd, 000606.780, 101
Trd, 000607.760, 108.0
Trd, 000607.880, 104.0
Trd, 000608.560, 102
Trd, 000609.260, 101
Trd, 000609.620, 100
Trd, 000609.780, 102
Trd, 000610.540, 102
Trd, 000611.440, 99
Trd, 000611.760, 101
Trd, 000612.580, 96
Trd, 000612.880, 106.0
Trd, 000613.320, 107.0
Trd, 000613.700, 108.0
Trd, 000613.940, 94
Trd, 000614.600, 112
Trd, 000616.200, 101
Trd, 000616.300, 101
Trd, 000616.860, 97
Trd, 000617.620, 101
Trd, 000618.320, 109
Trd, 000619.040, 108
Trd, 000619.060, 107
Trd, 000619.120, 104.0
Trd, 000620.100, 110
Trd, 000622.000, 106.0
Trd, 000622.640, 115.0
Trd, 000622.740, 107
Trd, 000622.760, 116.0
Trd, 000623.200, 106
Trd, 000624.140, 105.0
Trd, 000624.440, 104.0
Trd, 000625.140, 106.0
Trd, 000625.720, 105.0
Trd, 000626.440, 107.0
Trd, 000626.780, 106
Trd, 000626.880, 104
Trd, 000627.820, 103
Trd, 000627.920, 108.0
Trd, 000628.420, 112
Trd, 000629.120, 115
Trd, 000629.380, 108.0
Trd, 000630.020, 104.0
Trd, 000630.440, 109.0
Trd, 000630.780, 99
Trd, 000632.080, 99
Trd, 000632.380, 98
Trd, 000633.140, 96
Trd, 000633.360, 99
Trd, 000633.580, 100
Trd, 000634.340, 102
Trd, 000635.080, 96
Trd, 000635.440, 99
Trd, 000635.480, 100
Trd, 000635.680, 98
Trd, 000637.640, 97
Trd, 000637.980, 97
Trd, 000638.380, 97
Trd, 000639.040, 108.0
Trd, 000639.640, 98
Trd, 000640.120, 110
Trd, 000640.860, 108.0
Trd, 000641.100, 110
Trd, 000641.380, 107
Trd, 000642.880, 109
Trd, 000642.960, 107.0
Trd, 000643.240, 104.0
Trd, 000643.480, 96
Trd, 000644.320, 103
Trd, 000644.960, 100
Trd, 000646.280, 95
Trd, 000646.360, 103
Trd, 000646.600, 108.0
Trd, 000647.820, 100
Trd, 000647.900, 98
Trd, 000648.060, 102
Trd, 000648.380, 96
Trd, 000649.720, 107.0
Trd, 000650.300, 100
Trd, 000650.600, 107.0
Trd, 000651.240, 108.0
Trd, 000651.580, 105.0
Trd, 000652.220, 108.0
Trd, 000652.480, 104.0
Trd, 000652.760, 112
Trd, 000653.760, 108
Trd, 000654.100, 106
Trd, 000654.380, 107
Trd, 000655.440, 107
Trd, 000655.920, 108
Trd, 000656.140, 109
Trd, 000656.260, 108.0
Trd, 000656.380, 103
Trd, 000656.620, 96
Trd, 000657.360, 108
Trd, 000657.380, 110
Trd, 000659.020, 105
Trd, 000659.460, 106.0
Trd, 000659.780, 104.0
Trd, 000660.660, 104.0
Trd, 000660.880, 112
Trd, 000661.960, 114.0
Trd, 000662.660, 108
Trd, 000662.860, 108
Trd, 000663.060, 106
Trd, 000663.940, 110
Trd, 000665.200, 113
Trd, 000665.620, 114.0
Trd, 000665.760, 115.0
Trd, 000666.020, 108.0
Trd, 000666.980, 110
Trd, 000667.280, 109
Trd, 000668.120, 115.0
Trd, 000668.180, 107.0
Trd, 000668.980, 108
Trd, 000670.000, 109
Trd, 000671.260, 104.0
Trd, 000671.840, 99
Trd, 000672.040, 106
Trd, 000672.340, 102
Trd, 000672.680, 102
Trd, 000673.180, 108
Trd, 000673.500, 108.0
Trd, 000674.220, 108
Trd, 000674.700, 108
Trd, 000675.160, 107.0
Trd, 000675.520, 116.0
Trd, 000675.820, 107.0
Trd, 000675.960, 107.0
Trd, 000676.460, 104.0
Trd, 000676.800, 94
Trd, 000677.800, 91.0
Trd, 000678.060, 112
Trd, 000679.380, 104
Trd, 000680.860, 103
Trd, 000681.080, 103
Trd, 000681.360, 104
Trd, 000681.980, 105
Trd, 000682.220, 103
Trd, 000682.280, 102
Trd, 000683.600, 104.0
Trd, 000683.680, 105.0
Trd, 000684.260, 103
Trd, 000684.600, 103
Trd, 000686.420, 100
Trd, 000686.640, 103.0
Trd, 000687.580, 99
Trd, 000687.600, 100
Trd, 000687.760, 108.0
Trd, 000689.320, 116.0
Trd, 000689.500, 107
Trd, 000689.600, 118
Trd, 000689.780, 117
Trd, 000690.140, 109
Trd, 000690.560, 107
Trd, 000691.640, 118
Trd, 000692.020, 109
Trd, 000693.000, 111
Trd, 000693.080, 106.0
Trd, 000693.460, 112
Trd, 000693.960, 109
Trd, 000694.000, 108.0
Trd, 000694.500, 107.0
Trd, 000694.700, 104.0
Trd, 000695.000, 99
Trd, 000695.140, 110
Trd, 000697.300, 108.0
Trd, 000697.320, 101
Trd, 000697.840, 100
Trd, 000698.080, 116
Trd, 000698.400, 100
Trd, 000699.940, 103
Trd, 000700.080, 103
Trd, 000700.200, 111.0
Trd, 000700.600, 111
Trd, 000700.820, 106
Trd, 000700.900, 109
Trd, 000701.180, 112
Trd, 000701.840, 110
Trd, 000702.700, 106
Trd, 000703.420, 105.0
Trd, 000703.460, 104.0
Trd, 000704.440, 104
Trd, 000705.040, 106
Trd, 000706.040, 104.0
Trd, 000706.300, 98
Trd, 000706.720, 93
Trd, 000707.180, 103.0
Trd, 000707.280, 104.0
Trd, 000708.540, 103.0
Trd, 000708.700, 100
Trd, 000710.040, 103
Trd, 000710.300, 108.0
Trd, 000710.540, 118
Trd, 000711.300, 109
Trd, 000711.400, 105
Trd, 000712.320, 106
Trd, 000712.400, 112
Trd, 000713.620, 108.0
Trd, 000714.600, 109
Trd, 000715.040, 109
Trd, 000715.120, 108
Trd, 000715.480, 110
Trd, 000716.200, 108
Trd, 000716.500, 109
Trd, 000716.740, 108
Trd, 000717.220, 98
Trd, 000717.400, 107
Trd, 000717.420, 109
Trd, 000717.720, 104.0
Trd, 000718.740, 111.0
Trd, 000720.100, 103
Trd, 000720.460, 107
Trd, 000720.740, 106
Trd, 000721.720, 109
Trd, 000722.140, 116.0
Trd, 000722.200, 99
Trd, 000722.780, 99
Trd, 000723.780, 112
Trd, 000723.860, 100
Trd, 000723.940, 113
Trd, 000724.400, 119
Trd, 000726.620, 107.0
Trd, 000727.120, 104.0
Trd, 000727.660, 113
Trd, 000727.760, 104
Trd, 000728.560, 107.0
Trd, 000729.200, 104.0
Trd, 000730.220, 103
Trd, 000730.240, 104
Trd, 000730.840, 104.0
Trd, 000731.040, 103
Trd, 000731.560, 108.0
Trd, 000732.640, 107
Trd, 000732.740, 105
Trd, 000733.120, 105
Trd, 000733.180, 108.0
Trd, 000734.120, 108
Trd, 000734.280, 109
Trd, 000734.300, 103
Trd, 000735.600, 103
Trd, 000737.100, 104
Trd, 000737.680, 105
Trd, 000738.280, 104
Trd, 000738.320, 107.0
Trd, 000740.120, 107
Trd, 000740.220, 108.0
Trd, 000740.260, 112
Trd, 000740.440, 107.0
Trd, 000741.060, 106
Trd, 000741.900, 106.0
Trd, 000741.980, 114.0
Trd, 000742.680, 115.0
Trd, 000742.880, 113
Trd, 000742.920, 106
Trd, 000744.100, 111
Trd, 000744.340, 113
Trd, 000745.140, 108
Trd, 000745.380, 107
Trd, 000746.300, 105.0
Trd, 000746.360, 104.0
Trd, 000747.940, 110
Trd, 000748.040, 104
Trd, 000748.380, 108.0
Trd, 000748.760, 104.0
Trd, 000749.340, 108
Trd, 000749.520, 106
Trd, 000750.000, 105
Trd, 000750.160, 119
Trd, 000752.100, 104
Trd, 000752.120, 111
Trd, 000752.180, 103
Trd, 000752.920, 104
Trd, 000753.080, 98
Trd, 000753.680, 115
Trd, 000755.360, 120.0
Trd, 000756.880, 104.0
Trd, 000757.020, 105.0
Trd, 000757.200, 107
Trd, 000757.320, 108.0
Trd, 000758.320, 107
Trd, 000758.480, 101
Trd, 000758.780, 93
Trd, 000758.880, 111
Trd, 000760.060, 100
Trd, 000760.920, 107.0
Trd, 000762.080, 107.0
Trd, 000762.620, 107.0
Trd, 000762.960, 108.0
Trd, 000763.000, 104.0
Trd, 000763.460, 104
Trd, 000764.340, 106
Trd, 000764.560, 103
Trd, 000764.980, 107
Trd, 000765.080, 103
Trd, 000765.200, 103
Trd, 000765.220, 99
Trd, 000766.240, 89.0
Trd, 000766.620, 105.0
Trd, 000767.580, 100
Trd, 000767.620, 112
Trd, 000768.180, 105.0
Trd, 000768.440, 108.0
Trd, 000769.320, 106.0
Trd, 000769.740, 112
Trd, 000769.800, 104.0
Trd, 000770.900, 111
Trd, 000771.320, 109
Trd, 000771.440, 108
Trd, 000771.520, 99
Trd, 000771.880, 109
Trd, 000773.060, 105
Trd, 000773.980, 104
Trd, 000774.700, 104
Trd, 000775.360, 105
Trd, 000775.660, 104
Trd, 000776.180, 108.0
Trd, 000777.020, 104.0
Trd, 000777.140, 103
Trd, 000777.520, 103
Trd, 000778.520, 99
Trd, 000779.000, 104
Trd, 000779.420, 103
Trd, 000779.460, 96
Trd, 000779.980, 108.0
Trd, 000781.260, 105
Trd, 000781.680, 104.0
Trd, 000782.300, 112
Trd, 000783.220, 107
Trd, 000783.560, 105
Trd, 000783.940, 105
Trd, 000784.280, 106
Trd, 000784.340, 105
Trd, 000784.800, 104
Trd, 000785.900, 105.0
Trd, 000786.420, 108.0
Trd, 000786.640, 100
Trd, 000786.720, 99
Trd, 000787.140, 93
Trd, 000789.420, 108.0
Trd, 000789.660, 108
Trd, 000789.740, 109
Trd, 000790.180, 112
Trd, 000790.220, 111
Trd, 000790.400, 110
Trd, 000791.000, 120
Trd, 000791.020, 110
Trd, 000791.340, 108.0
Trd, 000792.220, 107.0
Trd, 000794.120, 108.0
Trd, 000794.360, 109
Trd, 000794.780, 114.0
Trd, 000794.880, 107
Trd, 000795.860, 105
Trd, 000796.840, 106.0
Trd, 000796.880, 108.0
Trd, 000797.600, 107
Trd, 000798.020, 106
Trd, 000798.160, 112
Trd, 000798.820, 106
Trd, 000798.920, 104.0
Trd, 000799.000, 100
Trd, 000799.540, 103
Trd, 000800.920, 111.0
Trd, 000802.120, 107
Trd, 000802.280, 116.0
Trd, 000802.700, 119
Trd, 000802.940, 96
Trd, 000803.980, 95
Trd, 000804.800, 108.0
Trd, 000804.940, 104.0
Trd, 000806.380, 105
Trd, 000806.800, 104
Trd, 000807.020, 103
Trd, 000807.200, 101
Trd, 000807.320, 105
Trd, 000808.900, 100
Trd, 000809.080, 101
Trd, 000810.680, 100
Trd, 000811.040, 101
Trd, 000811.080, 108.0
Trd, 000811.180, 113
Trd, 000812.540, 110
Trd, 000812.780, 111
Trd, 000813.080, 104.0
Trd, 000814.080, 105
Trd, 000814.120, 107
Trd, 000814.440, 99
Trd, 000814.740, 109
Trd, 000815.920, 101
Trd, 000816.200, 112
Trd, 000818.580, 107.0
Trd, 000818.680, 107.0
Trd, 000818.960, 108.0
Trd, 000819.640, 112
Trd, 000819.780, 108.0
Trd, 000819.820, 107
Trd, 000820.580, 105.0
Trd, 000820.900, 108
Trd, 000820.960, 109
Trd, 000822.100, 112.0
Trd, 000822.540, 105
Trd, 000822.960, 108.0
Trd, 000823.100, 112
Trd, 000824.120, 107.0
Trd, 000824.340, 106.0
Trd, 000824.600, 104.0
Trd, 000825.160, 104
Trd, 000825.700, 113.0
Trd, 000825.780, 103
Trd, 000826.580, 112.0
Trd, 000827.180, 111
Trd, 000827.480, 104.0
Trd, 000828.020, 106
Trd, 000829.020, 107
Trd, 000829.600, 108.0
Trd, 000829.800, 106
Trd, 000830.040, 107.0
Trd, 000830.280, 108.0
Trd, 000831.620, 106
Trd, 000832.240, 105
Trd, 000832.620, 104.0
Trd, 000832.840, 106.0
Trd, 000834.120, 106
Trd, 000834.620, 104.0
Trd, 000835.220, 103
Trd, 000835.620, 105.0
Trd, 000836.180, 108.0
Trd, 000836.640, 104
Trd, 000838.280, 110
Trd, 000838.660, 108.0
Trd, 000839.360, 108
Trd, 000839.720, 108
Trd, 000839.920, 93
Trd, 000840.240, 114.0
Trd, 000840.740, 96
Trd, 000841.360, 106.0
Trd, 000841.500, 115.0
Trd, 000841.660, 116.0
Trd, 000842.060, 112
Trd, 000843.140, 106
Trd, 000843.560, 96
Trd, 000843.980, 96
Trd, 000844.340, 96
Trd, 000844.360, 97
Trd, 000844.840, 100
Trd, 000845.280, 108.0
Trd, 000846.480, 102
Trd, 000847.060, 102
Trd, 000847.580, 112
Trd, 000848.460, 95
Trd, 000848.780, 100
Trd, 000849.860, 98
Trd, 000850.020, 100
Trd, 000851.080, 100
Trd, 000851.240, 98
Trd, 000851.380, 100
Trd, 000852.900, 108.0
Trd, 000852.960, 101
Trd, 000853.820, 100
Trd, 000853.960, 111
Trd, 000854.860, 108.0
Trd, 000855.000, 105.0
Trd, 000855.320, 109
Trd, 000855.520, 104.0
Trd, 000856.100, 104
Trd, 000857.240, 105
Trd, 000857.740, 110
Trd, 000858.380, 107
Trd, 000859.100, 112
Trd, 000859.140, 116.0
Trd, 000859.400, 109
Trd, 000859.760, 108
Trd, 000859.800, 106
Trd, 000860.900, 106
Trd, 000861.680, 106
Trd, 000862.680, 105
Trd, 000862.900, 104.0
