Trd, 000001.140, 91.0
Trd, 000001.640, 104.0
Trd, 000002.780, 58.0
Trd, 000002.800, 62.0
Trd, 000002.860, 73.0
Trd, 000002.960, 75.0
Trd, 000003.360, 95
Trd, 000003.500, 98.0
Trd, 000004.360, 99.0
Trd, 000004.620, 96.0
Trd, 000005.380, 100.0
Trd, 000006.200, 101
Trd, 000007.100, 99
Trd, 000007.180, 98
Trd, 000008.100, 98
Trd, 000008.760, 97
Trd, 000009.080, 93
Trd, 000009.540, 96
Trd, 000009.800, 98
Trd, 000011.340, 96
Trd, 000011.540, 95
Trd, 000012.040, 95.0
Trd, 000012.580, 94
Trd, 000014.480, 91
Trd, 000014.820, 92
Trd, 000014.900, 94
Trd, 000015.400, 94
Trd, 000015.480, 95
Trd, 000015.760, 97
Trd, 000017.180, 94
Trd, 000017.620, 94
Trd, 000017.680, 95
Trd, 000018.840, 92
Trd, 000019.220, 91
Trd, 000019.500, 92
Trd, 000019.620, 93
Trd, 000019.980, 93
Trd, 000020.160, 90
Trd, 000021.820, 91
Trd, 000022.120, 88
Trd, 000022.560, 93
Trd, 000022.980, 94
Trd, 000023.600, 94
Trd, 000024.280, 88.0
Trd, 000024.440, 87.0
Trd, 000025.280, 103.0
Trd, 000026.040, 93
Trd, 000026.340, 95
Trd, 000027.040, 90
Trd, 000027.520, 91.0
Trd, 000028.240, 92
Trd, 000029.120, 89
Trd, 000029.680, 88
Trd, 000029.700, 93
Trd, 000029.880, 95
Trd, 000030.120, 104.0
Trd, 000030.220, 89
Trd, 000030.480, 104
Trd, 000030.940, 88
Trd, 000031.620, 98
Trd, 000032.180, 87
Trd, 000032.620, 101
Trd, 000032.860, 100
Trd, 000033.460, 103
Trd, 000033.640, 105
Trd, 000033.920, 104.0
Trd, 000034.440, 90.0
Trd, 000034.700, 108.0
Trd, 000035.000, 96
Trd, 000036.680, 102
Trd, 000037.000, 96
Trd, 000037.460, 96
Trd, 000037.680, 98
Trd, 000038.020, 96
Trd, 000038.240, 86
Trd, 000038.460, 97
Trd, 000038.780, 94
Trd, 000039.160, 100
Trd, 000041.240, 97
Trd, 000041.440, 97
Trd, 000043.120, 87
Trd, 000043.320, 87.0
Trd, 000043.620, 89
Trd, 000043.740, 89
Trd, 000043.880, 86
Trd, 000044.440, 86
Trd, 000044.680, 87
Trd, 000044.940, 87
Trd, 000045.500, 91.0
Trd, 000046.380, 97
Trd, 000046.440, 87
Trd, 000046.560, 98
Trd, 000047.260, 104.0
Trd, 000047.420, 90
Trd, 000047.620, 88
Trd, 000048.280, 107
Trd, 000049.240, 108
Trd, 000051.520, 103
Trd, 000051.980, 97
Trd, 000052.440, 96.0
Trd, 000052.580, 103
Trd, 000052.740, 103
Trd, 000052.800, 97
Trd, 000054.580, 96
Trd, 000054.800, 95.0
Trd, 000055.220, 98
Trd, 000055.720, 99
Trd, 000057.200, 92.0
Trd, 000057.400, 94
Trd, 000057.540, 96
Trd, 000058.960, 88.0
Trd, 000059.340, 89.0
Trd, 000059.380, 91.0
Trd, 000059.580, 108
Trd, 000060.040, 88.0
Trd, 000060.560, 96
Trd, 000060.760, 96
Trd, 000060.860, 96
Trd, 000061.640, 96
Trd, 000062.100, 91.0
Trd, 000062.580, 89
Trd, 000062.640, 100
Trd, 000064.700, 92
Trd, 000065.380, 88
Trd, 000065.820, 98
Trd, 000066.120, 88.0
Trd, 000066.440, 97
Trd, 000066.560, 93
Trd, 000067.560, 93
Trd, 000067.740, 94
Trd, 000067.800, 89.0
Trd, 000068.820, 91.0
Trd, 000069.100, 90
Trd, 000070.240, 93
Trd, 000070.260, 95
Trd, 000071.760, 105.0
Trd, 000072.220, 104
Trd, 000072.640, 104.0
Trd, 000073.460, 93
Trd, 000073.620, 94
Trd, 000074.140, 96
Trd, 000074.360, 97.0
Trd, 000075.140, 94
Trd, 000075.320, 98.0
Trd, 000075.440, 93
Trd, 000076.680, 94
Trd, 000076.960, 97
Trd, 000078.780, 94
Trd, 000078.820, 94
Trd, 000078.880, 93
Trd, 000079.040, 86
Trd, 000079.720, 94
Trd, 000079.860, 95
Trd, 000080.560, 89
Trd, 000081.040, 87.0
Trd, 000081.920, 104.0
Trd, 000082.340, 107.0
Trd, 000082.640, 100
Trd, 000084.120, 97
Trd, 000084.260, 95
Trd, 000085.500, 98
Trd, 000085.600, 99
Trd, 000086.260, 97
Trd, 000086.660, 97
Trd, 000086.760, 96
Trd, 000087.580, 98
Trd, 000088.460, 98
Trd, 000088.880, 106
Trd, 000089.820, 96
Trd, 000090.440, 96
Trd, 000090.840, 105.0
Trd, 000091.000, 106.0
Trd, 000092.260, 90.0
Trd, 000092.480, 91.0
Trd, 000092.960, 100
Trd, 000093.100, 100
Trd, 000093.360, 91.0
Trd, 000094.040, 108.0
Trd, 000094.060, 109
Trd, 000094.080, 109
Trd, 000094.460, 93
Trd, 000096.760, 95
Trd, 000096.980, 88.0
Trd, 000097.540, 87.0
Trd, 000097.720, 93
Trd, 000098.800, 89
Trd, 000099.180, 89
Trd, 000099.340, 90
Trd, 000099.640, 96
Trd, 000100.220, 87.0
Trd, 000101.120, 91
Trd, 000101.260, 92
Trd, 000101.340, 94
Trd, 000102.400, 107.0
Trd, 000102.460, 91
Trd, 000102.520, 108.0
Trd, 000102.720, 110
Trd, 000102.780, 111
Trd, 000103.100, 91.0
Trd, 000104.600, 101
Trd, 000105.200, 100
Trd, 000105.280, 100
Trd, 000106.640, 98
Trd, 000106.780, 97
Trd, 000107.180, 97
Trd, 000107.340, 95.0
Trd, 000107.920, 98
Trd, 000108.320, 100
Trd, 000108.520, 97
Trd, 000108.760, 93
Trd, 000108.820, 103
Trd, 000109.100, 102
Trd, 000110.060, 103
Trd, 000111.660, 104.0
Trd, 000112.400, 103
Trd, 000112.420, 105.0
Trd, 000113.580, 107.0
Trd, 000114.580, 103
Trd, 000115.020, 105.0
Trd, 000115.480, 104.0
Trd, 000115.980, 104
Trd, 000116.140, 102
Trd, 000117.600, 102
Trd, 000117.740, 102
Trd, 000118.260, 99
Trd, 000118.980, 87.0
Trd, 000119.580, 96
Trd, 000120.360, 94
Trd, 000120.420, 95
Trd, 000121.140, 94
Trd, 000121.400, 88.0
Trd, 000122.560, 90
Trd, 000122.620, 89
Trd, 000122.800, 91.0
Trd, 000123.780, 95
Trd, 000125.120, 92
Trd, 000125.340, 93
Trd, 000125.580, 94
Trd, 000125.760, 91
Trd, 000125.820, 94
Trd, 000126.440, 94
Trd, 000126.540, 95
Trd, 000127.100, 107.0
Trd, 000127.240, 91
Trd, 000128.280, 106.0
Trd, 000128.740, 91
Trd, 000128.860, 87.0
Trd, 000129.500, 111
Trd, 000129.560, 113
Trd, 000130.560, 86
Trd, 000131.360, 89.0
Trd, 000131.680, 90.0
Trd, 000132.100, 90
Trd, 000132.200, 89
Trd, 000132.780, 91
Trd, 000133.880, 91.0
Trd, 000135.120, 90
Trd, 000135.460, 91
Trd, 000135.880, 94
Trd, 000136.020, 95
Trd, 000136.260, 93
Trd, 000136.580, 93
Trd, 000136.780, 94
Trd, 000137.160, 89
Trd, 000138.020, 108.0
Trd, 000139.780, 95.0
Trd, 000140.220, 95
Trd, 000140.240, 98
Trd, 000140.680, 94
Trd, 000140.720, 93
Trd, 000140.920, 94
Trd, 000141.280, 94
Trd, 000141.560, 92
Trd, 000142.240, 91
Trd, 000142.600, 91.0
Trd, 000143.480, 92
Trd, 000143.600, 91.0
Trd, 000143.820, 85
Trd, 000144.620, 87.0
Trd, 000144.960, 88
Trd, 000145.840, 89
Trd, 000146.180, 89
Trd, 000146.540, 89
Trd, 000148.580, 88
Trd, 000148.720, 88
Trd, 000149.520, 88
Trd, 000150.040, 88
Trd, 000150.600, 91.0
Trd, 000150.720, 95
Trd, 000150.940, 89
Trd, 000151.140, 96
Trd, 000151.200, 94
Trd, 000151.620, 93
Trd, 000151.980, 93
Trd, 000152.540, 94
Trd, 000153.300, 95
Trd, 000153.980, 93
Trd, 000154.180, 87.0
Trd, 000154.240, 108.0
Trd, 000154.600, 112
Trd, 000155.780, 88.0
Trd, 000156.100, 89.0
Trd, 000156.640, 89.0
Trd, 000157.060, 90.0
Trd, 000157.480, 91
Trd, 000158.120, 91.0
Trd, 000158.140, 85
Trd, 000158.520, 95
Trd, 000159.080, 92
Trd, 000159.680, 92
Trd, 000160.060, 92
Trd, 000161.300, 92
Trd, 000161.700, 92
Trd, 000162.120, 92
Trd, 000163.200, 93
Trd, 000163.720, 89
Trd, 000163.840, 95
Trd, 000163.900, 103.0
Trd, 000164.520, 90
Trd, 000165.060, 105.0
Trd, 000165.740, 100
Trd, 000166.620, 106
Trd, 000166.740, 105
Trd, 000167.280, 103
Trd, 000167.760, 101
Trd, 000168.080, 103
Trd, 000168.540, 103.0
Trd, 000168.620, 106.0
Trd, 000169.600, 102
Trd, 000170.580, 112
Trd, 000170.760, 104
Trd, 000171.820, 107
Trd, 000172.240, 108.0
Trd, 000172.300, 103
Trd, 000172.740, 107
Trd, 000173.980, 104
Trd, 000174.560, 106
Trd, 000175.160, 106
Trd, 000176.180, 104.0
Trd, 000176.820, 104
Trd, 000177.220, 99
Trd, 000178.260, 99
Trd, 000178.380, 98
Trd, 000178.620, 96
Trd, 000178.660, 95.0
Trd, 000180.060, 93
Trd, 000180.100, 96
Trd, 000180.400, 96
Trd, 000180.800, 95
Trd, 000181.020, 98
Trd, 000181.760, 106.0
Trd, 000181.920, 104.0
Trd, 000182.440, 106
Trd, 000182.540, 99
Trd, 000183.020, 99
Trd, 000184.320, 101.0
Trd, 000184.400, 103.0
Trd, 000184.980, 95
Trd, 000185.640, 96
Trd, 000185.920, 107.0
Trd, 000186.660, 94
Trd, 000187.240, 104.0
Trd, 000187.660, 95
Trd, 000187.800, 106.0
Trd, 000188.700, 106
Trd, 000188.780, 107.0
Trd, 000188.880, 108.0
Trd, 000189.660, 107
Trd, 000190.180, 89.0
Trd, 000190.240, 91.0
Trd, 000190.940, 96
Trd, 000191.720, 100
Trd, 000192.140, 97
Trd, 000192.480, 105
Trd, 000192.540, 106
Trd, 000192.800, 96
Trd, 000193.680, 105.0
Trd, 000194.040, 104.0
Trd, 000194.680, 87.0
Trd, 000196.080, 95
Trd, 000196.260, 96
Trd, 000197.400, 97
Trd, 000197.720, 95.0
Trd, 000197.760, 96
Trd, 000197.880, 95
Trd, 000197.960, 84
Trd, 000198.020, 103.0
Trd, 000198.740, 91.0
Trd, 000199.440, 93
Trd, 000200.060, 90
Trd, 000200.360, 93
Trd, 000201.520, 93
Trd, 000201.620, 93
Trd, 000201.900, 92
Trd, 000202.100, 93
Trd, 000202.440, 95
Trd, 000204.200, 92
Trd, 000204.360, 111
Trd, 000204.900, 99
Trd, 000204.960, 94
Trd, 000205.100, 92
Trd, 000206.020, 97
Trd, 000206.860, 97
Trd, 000207.180, 94
Trd, 000207.580, 89.0
Trd, 000207.780, 87.0
Trd, 000208.440, 88
Trd, 000208.820, 88.0
Trd, 000208.960, 84
Trd, 000209.340, 88
Trd, 000209.420, 89.0
Trd, 000209.460, 84
Trd, 000209.980, 90.0
Trd, 000210.600, 91.0
Trd, 000210.700, 96
Trd, 000213.200, 106.0
Trd, 000213.280, 104.0
Trd, 000213.320, 103
Trd, 000213.560, 107.0
Trd, 000214.520, 97.0
Trd, 000214.800, 95.0
Trd, 000214.960, 99
Trd, 000215.840, 97
Trd, 000216.520, 97
Trd, 000216.560, 96
Trd, 000217.300, 95
Trd, 000217.820, 98
Trd, 000217.940, 95
Trd, 000218.700, 108.0
Trd, 000219.200, 102
Trd, 000219.920, 101
Trd, 000220.820, 101
Trd, 000221.260, 101
Trd, 000221.760, 98
Trd, 000222.160, 98
Trd, 000222.480, 98
Trd, 000222.980, 97.0
Trd, 000223.940, 87.0
Trd, 000224.240, 98
Trd, 000225.040, 107
Trd, 000225.280, 98
Trd, 000225.300, 109
Trd, 000226.120, 99
Trd, 000227.620, 101
Trd, 000227.960, 99
Trd, 000228.160, 100
Trd, 000228.360, 103
Trd, 000228.700, 96.0
Trd, 000229.560, 102
Trd, 000230.820, 100
Trd, 000231.140, 99
Trd, 000231.560, 99
Trd, 000231.720, 98
Trd, 000231.960, 98
Trd, 000232.100, 99
Trd, 000232.480, 87.0
Trd, 000232.540, 83.0
Trd, 000232.760, 101
Trd, 000233.520, 90
Trd, 000234.440, 100
Trd, 000235.080, 96
Trd, 000235.180, 95
Trd, 000236.220, 95
Trd, 000236.320, 96
Trd, 000236.460, 108.0
Trd, 000236.580, 102
Trd, 000237.400, 98
Trd, 000237.540, 97
Trd, 000239.160, 100
Trd, 000239.700, 97
Trd, 000240.420, 94
Trd, 000240.480, 95
Trd, 000240.860, 95
Trd, 000240.880, 95.0
Trd, 000240.940, 96
Trd, 000240.960, 97
Trd, 000241.180, 108.0
Trd, 000241.300, 112
Trd, 000242.080, 95
Trd, 000242.780, 113
Trd, 000244.460, 107.0
Trd, 000244.720, 107
Trd, 000245.280, 104.0
Trd, 000245.340, 106
Trd, 000245.460, 106
Trd, 000246.220, 104
Trd, 000246.380, 105
Trd, 000246.740, 99
Trd, 000246.920, 108.0
Trd, 000246.980, 88.0
Trd, 000248.200, 97
Trd, 000248.480, 98
Trd, 000249.200, 86
Trd, 000249.320, 96
Trd, 000250.280, 84
Trd, 000250.640, 87.0
Trd, 000250.680, 92
Trd, 000250.780, 93
Trd, 000251.660, 93
Trd, 000252.340, 95
Trd, 000252.660, 91.0
Trd, 000252.920, 90
Trd, 000253.900, 89
Trd, 000254.040, 90
Trd, 000255.140, 90.0
Trd, 000255.200, 91.0
Trd, 000255.280, 90
Trd, 000255.360, 108.0
Trd, 000256.000, 87.0
Trd, 000256.120, 85
Trd, 000256.440, 111
Trd, 000257.380, 107
Trd, 000257.440, 111
Trd, 000258.940, 106.0
Trd, 000259.420, 106
Trd, 000259.980, 104.0
Trd, 000260.220, 105
Trd, 000260.660, 96
Trd, 000261.440, 95.0
Trd, 000261.900, 101
Trd, 000262.620, 87.0
Trd, 000262.900, 91.0
Trd, 000263.360, 90
Trd, 000263.820, 102
Trd, 000264.820, 94
Trd, 000264.880, 90.0
Trd, 000266.140, 99
Trd, 000266.280, 95
Trd, 000266.680, 105.0
Trd, 000266.780, 108.0
Trd, 000267.500, 97
Trd, 000268.560, 109
Trd, 000270.080, 106
Trd, 000270.820, 103
Trd, 000271.180, 103
Trd, 000271.220, 102
Trd, 000271.240, 99
Trd, 000271.660, 95.0
Trd, 000272.080, 98
Trd, 000273.220, 93
Trd, 000273.500, 95
Trd, 000273.920, 94
Trd, 000274.700, 108
Trd, 000275.020, 101
Trd, 000275.320, 101
Trd, 000275.600, 98
Trd, 000276.760, 97
Trd, 000276.980, 97
Trd, 000277.040, 93.0
Trd, 000277.140, 98
Trd, 000277.260, 91.0
Trd, 000277.800, 93
Trd, 000278.340, 98
Trd, 000278.520, 96
Trd, 000279.700, 104.0
Trd, 000280.480, 100
Trd, 000280.600, 101
Trd, 000280.760, 98
Trd, 000281.620, 107
Trd, 000283.680, 102
Trd, 000283.780, 104.0
Trd, 000284.000, 100
Trd, 000284.220, 105.0
Trd, 000284.520, 106.0
Trd, 000284.940, 107.0
Trd, 000285.720, 106
Trd, 000285.760, 104.0
Trd, 000286.080, 102
Trd, 000287.060, 99
Trd, 000287.780, 100
Trd, 000288.280, 95
Trd, 000288.520, 95
Trd, 000288.880, 91.0
Trd, 000289.200, 91
Trd, 000290.480, 93.0
Trd, 000291.240, 94
Trd, 000291.680, 94.0
Trd, 000291.980, 95
Trd, 000292.180, 83
Trd, 000292.820, 87.0
Trd, 000293.460, 107.0
Trd, 000293.500, 102
Trd, 000293.940, 108.0
Trd, 000294.300, 95
Trd, 000294.320, 83
Trd, 000295.440, 91
Trd, 000296.180, 89
Trd, 000296.220, 90
Trd, 000297.120, 90.0
Trd, 000298.020, 88
Trd, 000298.040, 108.0
Trd, 000298.980, 88
Trd, 000299.000, 89.0
Trd, 000299.100, 84
Trd, 000300.360, 89
Trd, 000300.940, 91.0
Trd, 000300.980, 86
Trd, 000301.080, 108.0
Trd, 000301.960, 110
Trd, 000302.100, 112
Trd, 000302.400, 99
Trd, 000303.840, 104.0
Trd, 000304.760, 104
Trd, 000304.820, 103
Trd, 000305.140, 107.0
Trd, 000306.920, 102
Trd, 000307.120, 98
Trd, 000307.480, 103
Trd, 000307.820, 102
Trd, 000308.080, 101
Trd, 000308.640, 102
Trd, 000308.900, 101
Trd, 000309.620, 100
Trd, 000309.840, 103
Trd, 000310.620, 102
Trd, 000311.220, 101
Trd, 000311.240, 99
Trd, 000311.400, 87
Trd, 000311.820, 97
Trd, 000311.860, 97
Trd, 000311.900, 108.0
Trd, 000314.620, 87
Trd, 000314.760, 89
Trd, 000314.900, 90
Trd, 000315.180, 88
Trd, 000316.340, 91.0
Trd, 000316.440, 93
Trd, 000316.720, 89
Trd, 000316.860, 97
Trd, 000317.740, 87.0
Trd, 000317.860, 91.0
Trd, 000318.220, 91
Trd, 000319.460, 104.0
Trd, 000319.560, 106.0
Trd, 000321.080, 95
Trd, 000321.220, 99
Trd, 000321.600, 83
Trd, 000321.680, 98
Trd, 000322.820, 93
Trd, 000323.040, 92
Trd, 000325.120, 87.0
Trd, 000325.320, 87
Trd, 000325.760, 87
Trd, 000325.820, 89
Trd, 000325.900, 90
Trd, 000326.500, 91.0
Trd, 000326.820, 87
Trd, 000326.980, 88
Trd, 000327.120, 90
Trd, 000327.720, 106.0
Trd, 000327.740, 89
Trd, 000327.840, 88
Trd, 000329.220, 100
Trd, 000330.620, 104.0
Trd, 000330.960, 106.0
Trd, 000331.860, 98
Trd, 000332.120, 97
Trd, 000332.380, 98
Trd, 000332.420, 99
Trd, 000332.600, 95
Trd, 000334.800, 93
Trd, 000334.940, 90.0
Trd, 000335.860, 92
Trd, 000336.000, 93
Trd, 000336.120, 87.0
Trd, 000336.920, 92
Trd, 000337.420, 90
Trd, 000337.460, 95
Trd, 000337.980, 91.0
Trd, 000338.080, 90
Trd, 000338.220, 99
Trd, 000338.780, 89
Trd, 000339.280, 97
Trd, 000339.960, 100
Trd, 000341.600, 94
Trd, 000342.080, 95
Trd, 000342.200, 96
Trd, 000342.400, 96
Trd, 000343.320, 94
Trd, 000343.600, 89.0
Trd, 000343.860, 92
Trd, 000343.880, 94
Trd, 000344.420, 94
Trd, 000344.680, 94
Trd, 000344.900, 93
Trd, 000345.780, 104.0
Trd, 000346.240, 108.0
Trd, 000346.360, 113
Trd, 000347.100, 95
Trd, 000347.460, 95
Trd, 000349.340, 88.0
Trd, 000349.440, 87.0
Trd, 000349.660, 89.0
Trd, 000349.820, 90.0
Trd, 000350.160, 90
Trd, 000350.480, 89
Trd, 000351.160, 88.0
Trd, 000351.260, 85
Trd, 000351.900, 87.0
Trd, 000352.100, 91.0
Trd, 000352.520, 89
Trd, 000352.680, 97
Trd, 000353.480, 91.0
Trd, 000354.520, 89
Trd, 000355.140, 87.0
Trd, 000355.200, 89
Trd, 000356.340, 90
Trd, 000356.620, 87
Trd, 000356.660, 89
Trd, 000356.980, 97
Trd, 000357.220, 114
Trd, 000357.840, 90
Trd, 000359.300, 88
Trd, 000359.560, 89.0
Trd, 000359.880, 87.0
Trd, 000360.300, 83.0
Trd, 000360.940, 82
Trd, 000361.060, 83
Trd, 000361.720, 89.0
Trd, 000362.200, 90
Trd, 000362.280, 90.0
Trd, 000362.340, 91.0
Trd, 000363.080, 95
Trd, 000363.700, 87.0
Trd, 000364.840, 92
Trd, 000365.040, 93
Trd, 000365.080, 108.0
Trd, 000365.820, 96
Trd, 000366.000, 98
Trd, 000366.940, 95
Trd, 000367.000, 97
Trd, 000367.460, 94
Trd, 000369.040, 108
Trd, 000369.160, 105
Trd, 000370.560, 113
Trd, 000371.240, 114
Trd, 000371.720, 104.0
Trd, 000372.420, 107.0
Trd, 000372.540, 108.0
Trd, 000373.200, 105
Trd, 000373.280, 104
Trd, 000373.600, 103
Trd, 000373.760, 98
Trd, 000373.860, 105
Trd, 000375.200, 99
Trd, 000375.800, 98
Trd, 000375.900, 97
Trd, 000376.060, 108.0
Trd, 000376.180, 104.0
Trd, 000376.800, 95.0
Trd, 000377.680, 101
Trd, 000378.280, 98
Trd, 000378.680, 89
Trd, 000378.920, 95
Trd, 000379.700, 95
Trd, 000380.160, 95
Trd, 000380.720, 97
Trd, 000380.960, 94
Trd, 000381.280, 87.0
Trd, 000381.720, 114
Trd, 000382.160, 104.0
Trd, 000383.060, 82
Trd, 000383.260, 91.0
Trd, 000383.460, 102
Trd, 000383.840, 87.0
Trd, 000385.520, 90
Trd, 000386.180, 89
Trd, 000386.340, 87
Trd, 000386.500, 86
Trd, 000386.640, 88
Trd, 000386.840, 91
Trd, 000389.360, 90
Trd, 000390.200, 87
Trd, 000390.760, 89
Trd, 000391.220, 89
Trd, 000391.300, 89
Trd, 000391.520, 89
Trd, 000392.220, 89
Trd, 000393.020, 88
Trd, 000393.100, 87.0
Trd, 000393.260, 89
Trd, 000393.820, 89
Trd, 000394.320, 89
Trd, 000394.420, 91.0
Trd, 000394.940, 95
Trd, 000395.340, 87
Trd, 000395.400, 115
Trd, 000395.540, 88
Trd, 000396.440, 96
Trd, 000396.480, 98
Trd, 000398.660, 90
Trd, 000399.400, 91
Trd, 000399.720, 93
Trd, 000399.880, 91.0
Trd, 000400.100, 95
Trd, 000400.300, 90
Trd, 000401.480, 95.0
Trd, 000401.780, 104.0
Trd, 000403.540, 95
Trd, 000403.580, 104.0
Trd, 000403.760, 105.0
Trd, 000404.200, 104.0
Trd, 000404.260, 106.0
Trd, 000404.440, 115
Trd, 000405.600, 97
Trd, 000406.440, 100
Trd, 000407.200, 99
Trd, 000407.840, 99
Trd, 000407.900, 98
Trd, 000407.980, 99
Trd, 000408.020, 95
Trd, 000409.360, 95
Trd, 000409.700, 95
Trd, 000410.080, 98
Trd, 000410.580, 89.0
Trd, 000410.920, 88.0
Trd, 000411.600, 87.0
Trd, 000412.020, 82
Trd, 000412.300, 91.0
Trd, 000412.480, 85
Trd, 000413.040, 98
Trd, 000413.660, 97
Trd, 000413.880, 97
Trd, 000414.280, 108.0
Trd, 000415.140, 112
Trd, 000415.640, 100
Trd, 000415.780, 113
Trd, 000416.680, 107
Trd, 000417.100, 109
Trd, 000417.880, 104.0
Trd, 000417.900, 103
Trd, 000418.760, 105
Trd, 000419.760, 104
Trd, 000420.080, 103
Trd, 000420.780, 99
Trd, 000422.080, 95.0
Trd, 000422.120, 102
Trd, 000423.140, 101
Trd, 000423.820, 102
Trd, 000423.980, 104
Trd, 000424.320, 100
Trd, 000424.640, 99
Trd, 000424.920, 103
Trd, 000425.400, 101
Trd, 000425.640, 99
Trd, 000425.680, 102
Trd, 000426.400, 95.0
Trd, 000426.540, 101
Trd, 000426.940, 87
Trd, 000427.160, 100
Trd, 000427.540, 90.0
Trd, 000428.500, 82
Trd, 000429.240, 87.0
Trd, 000429.340, 88
Trd, 000429.820, 91.0
Trd, 000430.300, 87
Trd, 000430.540, 81
Trd, 000430.820, 108.0
Trd, 000432.620, 99
Trd, 000432.700, 101
Trd, 000433.140, 115
Trd, 000433.900, 103
Trd, 000433.920, 98
Trd, 000434.340, 103
Trd, 000434.820, 104
Trd, 000434.860, 101
Trd, 000435.100, 107.0
Trd, 000435.560, 108.0
Trd, 000436.320, 105.0
Trd, 000436.740, 106
Trd, 000437.620, 104.0
Trd, 000438.260, 101
Trd, 000438.740, 104.0
Trd, 000439.640, 112
Trd, 000441.040, 95.0
Trd, 000441.540, 104
Trd, 000441.720, 87.0
Trd, 000442.900, 96
Trd, 000443.080, 95.0
Trd, 000443.220, 108.0
Trd, 000443.360, 95
Trd, 000444.240, 99
Trd, 000445.240, 100
Trd, 000445.340, 97
Trd, 000445.540, 96
Trd, 000446.460, 98
Trd, 000446.480, 96
Trd, 000446.760, 100
Trd, 000447.020, 95
Trd, 000448.680, 96.0
Trd, 000448.780, 95.0
Trd, 000449.140, 95
Trd, 000449.240, 96
Trd, 000449.720, 92
Trd, 000449.920, 92
Trd, 000450.340, 87.0
Trd, 000450.460, 81
Trd, 000450.680, 92
Trd, 000450.720, 108.0
Trd, 000452.780, 98
Trd, 000453.060, 98
Trd, 000453.740, 98
Trd, 000453.840, 95.0
Trd, 000454.100, 101
Trd, 000454.380, 115
Trd, 000456.480, 106
Trd, 000456.880, 104.0
Trd, 000457.540, 99
Trd, 000457.700, 102
Trd, 000457.780, 103
Trd, 000458.520, 98
Trd, 000458.600, 97
Trd, 000459.980, 97.0
Trd, 000460.060, 101
Trd, 000460.280, 87.0
Trd, 000460.680, 103
Trd, 000461.340, 96
Trd, 000461.820, 101
Trd, 000461.880, 102
Trd, 000462.400, 96
Trd, 000463.160, 95
Trd, 000463.220, 100
Trd, 000463.340, 95.0
Trd, 000464.060, 99
Trd, 000464.780, 97
Trd, 000465.780, 89.0
Trd, 000465.820, 95
Trd, 000465.880, 96
Trd, 000467.440, 91
Trd, 000467.520, 91
Trd, 000467.820, 91
Trd, 000468.280, 90
Trd, 000468.460, 88.0
Trd, 000469.080, 92
Trd, 000470.040, 91
Trd, 000471.000, 87.0
Trd, 000471.600, 96
Trd, 000472.180, 104.0
Trd, 000473.020, 96
Trd, 000473.720, 95
Trd, 000474.300, 99.0
Trd, 000475.460, 96
Trd, 000475.580, 96
Trd, 000475.980, 95
Trd, 000476.700, 96
Trd, 000477.020, 95.0
Trd, 000477.040, 96
Trd, 000477.480, 95
Trd, 000477.820, 97
Trd, 000478.700, 94
Trd, 000479.780, 106.0
Trd, 000479.960, 108.0
Trd, 000480.260, 104.0
Trd, 000481.100, 102
Trd, 000481.740, 105
Trd, 000482.180, 98
Trd, 000482.520, 105
Trd, 000482.540, 95.0
Trd, 000483.020, 116
Trd, 000483.400, 103
Trd, 000483.900, 102
Trd, 000485.360, 113
Trd, 000485.900, 115
Trd, 000486.920, 105.0
Trd, 000487.060, 107
Trd, 000487.320, 104.0
Trd, 000487.540, 99
Trd, 000488.640, 95.0
Trd, 000488.960, 91.0
Trd, 000489.480, 92
Trd, 000490.100, 91
Trd, 000490.920, 88
Trd, 000491.180, 90
Trd, 000491.660, 88.0
Trd, 000492.080, 97
Trd, 000492.340, 87.0
Trd, 000493.740, 86
Trd, 000493.760, 87
Trd, 000494.180, 81
Trd, 000494.680, 83.0
Trd, 000495.160, 84
Trd, 000496.200, 86
Trd, 000496.300, 87
Trd, 000496.980, 87
Trd, 000497.460, 90.0
Trd, 000497.780, 89
Trd, 000498.800, 91.0
Trd, 000499.460, 95
Trd, 000499.960, 96
Trd, 000501.160, 116
Trd, 000501.320, 91
Trd, 000501.820, 91
Trd, 000502.840, 104.0
Trd, 000503.000, 105.0
Trd, 000503.400, 102
Trd, 000503.660, 101
Trd, 000503.860, 98
Trd, 000504.040, 95
Trd, 000505.020, 98
Trd, 000505.060, 100
Trd, 000505.240, 101
Trd, 000506.020, 99
Trd, 000507.040, 99
Trd, 000507.220, 99
Trd, 000507.300, 104.0
Trd, 000507.740, 98
Trd, 000509.960, 99
Trd, 000510.520, 99
Trd, 000510.540, 101
Trd, 000511.000, 98
Trd, 000511.380, 95.0
Trd, 000512.520, 94
Trd, 000513.080, 93
Trd, 000513.420, 92
Trd, 000513.460, 89.0
Trd, 000513.520, 93
Trd, 000513.640, 87.0
Trd, 000514.940, 95
Trd, 000515.880, 104.0
Trd, 000516.100, 108.0
Trd, 000516.120, 97
Trd, 000516.600, 115
Trd, 000517.320, 115
Trd, 000517.800, 105
Trd, 000518.580, 104.0
Trd, 000520.880, 104
Trd, 000520.960, 98
Trd, 000521.300, 95.0
Trd, 000521.520, 90
Trd, 000522.080, 99
Trd, 000522.460, 98
Trd, 000522.860, 97
Trd, 000523.260, 97
Trd, 000523.580, 96
Trd, 000523.700, 96
Trd, 000523.960, 96
Trd, 000524.580, 96
Trd, 000525.040, 87.0
Trd, 000525.540, 81
Trd, 000526.180, 116
Trd, 000526.320, 116.0
Trd, 000526.740, 105.0
Trd, 000526.840, 104.0
Trd, 000527.020, 107
Trd, 000527.780, 102.0
Trd, 000527.900, 103.0
Trd, 000528.980, 98
Trd, 000529.180, 97
Trd, 000529.320, 98
Trd, 000529.480, 97
Trd, 000530.180, 95.0
Trd, 000531.320, 105.0
Trd, 000532.160, 89.0
Trd, 000532.660, 95
Trd, 000532.860, 100
Trd, 000533.340, 97
Trd, 000533.520, 81
Trd, 000533.540, 98
Trd, 000534.520, 96
Trd, 000535.120, 87.0
Trd, 000535.700, 91
Trd, 000536.500, 90.0
Trd, 000536.660, 87.0
Trd, 000537.100, 91.0
Trd, 000538.140, 94
Trd, 000538.280, 93
Trd, 000538.520, 94
Trd, 000538.760, 95
Trd, 000540.240, 97
Trd, 000540.360, 108.0
Trd, 000540.860, 108
Trd, 000541.780, 104
Trd, 000541.960, 95.0
Trd, 000542.240, 110
Trd, 000542.320, 94
Trd, 000542.900, 102
Trd, 000543.580, 99
Trd, 000544.240, 98
Trd, 000544.500, 91
Trd, 000544.640, 99
Trd, 000544.800, 100
Trd, 000545.860, 95
Trd, 000546.280, 101
Trd, 000547.340, 88.0
Trd, 000547.820, 96
Trd, 000548.780, 88
Trd, 000549.000, 87.0
Trd, 000549.220, 88
Trd, 000549.580, 88
Trd, 000549.880, 91.0
Trd, 000550.280, 83
Trd, 000550.500, 97
Trd, 000551.220, 106.0
Trd, 000551.440, 107.0
Trd, 000552.980, 97
Trd, 000553.040, 101
Trd, 000553.140, 106.0
Trd, 000554.140, 98.0
Trd, 000554.260, 95.0
Trd, 000554.720, 96
Trd, 000555.280, 99
Trd, 000556.820, 96
Trd, 000556.920, 99
Trd, 000557.420, 96
Trd, 000557.460, 98
Trd, 000558.140, 96
Trd, 000558.780, 95
Trd, 000559.720, 90
Trd, 000560.260, 90
Trd, 000560.400, 91.0
Trd, 000561.580, 94
Trd, 000562.000, 95
Trd, 000562.820, 93
Trd, 000563.000, 91
Trd, 000563.600, 93
Trd, 000563.920, 88.0
Trd, 000564.060, 89
Trd, 000564.640, 89
Trd, 000565.040, 89
Trd, 000565.560, 89.0
Trd, 000566.440, 95
Trd, 000566.760, 98
Trd, 000567.180, 91
Trd, 000567.980, 87.0
Trd, 000568.120, 90
Trd, 000568.860, 91
Trd, 000568.940, 92
Trd, 000569.240, 92
Trd, 000569.540, 91
Trd, 000569.560, 92
Trd, 000569.580, 91
Trd, 000571.220, 92
Trd, 000571.800, 108.0
Trd, 000572.000, 116
Trd, 000572.580, 91
Trd, 000573.920, 104
Trd, 000574.060, 101
Trd, 000574.100, 105
Trd, 000575.460, 102
Trd, 000575.520, 103
Trd, 000575.960, 101
Trd, 000576.100, 102
Trd, 000576.800, 102
Trd, 000577.120, 99
Trd, 000577.940, 99
Trd, 000578.060, 99
Trd, 000578.760, 96.0
Trd, 000579.340, 95.0
Trd, 000579.380, 96
Trd, 000581.100, 87.0
Trd, 000581.860, 82
Trd, 000581.900, 85
Trd, 000581.980, 87
Trd, 000582.000, 81
Trd, 000582.260, 97
Trd, 000582.920, 91
Trd, 000583.180, 90
Trd, 000583.940, 104.0
Trd, 000585.240, 95
Trd, 000585.360, 99
Trd, 000585.600, 95
Trd, 000587.200, 94.0
Trd, 000588.020, 91.0
Trd, 000588.060, 92
Trd, 000588.680, 92
Trd, 000588.940, 108.0
Trd, 000589.020, 104.0
Trd, 000590.180, 94
Trd, 000590.660, 109
Trd, 000591.140, 108.0
Trd, 000592.700, 101
Trd, 000593.140, 101
Trd, 000593.280, 103
Trd, 000593.520, 100
Trd, 000593.880, 97
Trd, 000594.080, 103
Trd, 000594.600, 98
Trd, 000595.060, 98
Trd, 000595.300, 95.0
Trd, 000595.700, 96
Trd, 000596.180, 93
Trd, 000596.660, 97
Trd, 000596.700, 116.0
Trd, 000596.840, 117
Trd, 000597.420, 110
Trd, 000597.620, 95
Trd, 000597.680, 87.0
Trd, 000598.260, 106.0
Trd, 000600.040, 104.0
Trd, 000600.160, 105
Trd, 000600.840, 104
Trd, 000601.360, 95.0
Trd, 000602.300, 104.0
Trd, 000603.320, 104
Trd, 000603.420, 102
Trd, 000604.280, 103
Trd, 000604.520, 103
Trd, 000604.860, 101
Trd, 000605.420, 104
Trd, 000606.360, 101
Trd, 000606.680, 101
Trd, 000607.080, 104
Trd, 000607.840, 102
Trd, 000608.440, 99
Trd, 000608.680, 98
Trd, 000609.040, 102
Trd, 000609.500, 99.0
Trd, 000611.420, 99
Trd, 000612.120, 99
Trd, 000612.680, 98
Trd, 000612.780, 99.0
Trd, 000613.160, 95.0
Trd, 000613.600, 96
Trd, 000613.920, 95
Trd, 000613.980, 97
Trd, 000615.260, 95
Trd, 000615.540, 97
Trd, 000616.120, 105.0
Trd, 000616.340, 87.0
Trd, 000617.680, 96
Trd, 000617.900, 95.0
Trd, 000618.140, 100.0
Trd, 000618.380, 97
Trd, 000618.660, 95
Trd, 000619.260, 95
Trd, 000619.860, 91.0
Trd, 000620.460, 89.0
Trd, 000620.740, 87.0
Trd, 000621.040, 87
Trd, 000621.540, 80
Trd, 000622.140, 85
Trd, 000622.380, 85
Trd, 000622.400, 86
Trd, 000622.420, 108.0
Trd, 000624.580, 114.0
Trd, 000624.740, 112
Trd, 000625.200, 108.0
Trd, 000625.280, 108.0
Trd, 000625.500, 104
Trd, 000625.900, 104.0
Trd, 000626.720, 115.0
Trd, 000627.320, 111
Trd, 000627.380, 112
Trd, 000627.620, 108.0
Trd, 000628.380, 112
Trd, 000628.980, 107
Trd, 000629.000, 95.0
Trd, 000629.180, 88
Trd, 000629.960, 95
Trd, 000631.080, 106.0
Trd, 000631.640, 109
Trd, 000631.660, 112.0
Trd, 000632.800, 112
Trd, 000633.580, 107
Trd, 000634.780, 104.0
Trd, 000635.500, 103
Trd, 000636.180, 102
Trd, 000636.400, 103
Trd, 000637.420, 101
Trd, 000637.520, 99
Trd, 000637.880, 100
Trd, 000638.120, 95.0
Trd, 000638.240, 80
Trd, 000639.440, 94
Trd, 000640.380, 95
Trd, 000640.860, 97
Trd, 000641.720, 97
Trd, 000642.220, 97
Trd, 000643.400, 105
Trd, 000643.940, 106.0
Trd, 000644.160, 108.0
Trd, 000644.380, 104.0
Trd, 000645.120, 110.0
Trd, 000645.580, 104
Trd, 000645.780, 116.0
Trd, 000646.800, 103
Trd, 000647.540, 99
Trd, 000647.780, 104
Trd, 000648.640, 81
Trd, 000649.400, 83.0
Trd, 000649.440, 86
Trd, 000650.020, 85
Trd, 000650.040, 86
Trd, 000650.500, 86
Trd, 000650.580, 87
Trd, 000652.380, 96
Trd, 000653.200, 91
Trd, 000653.360, 90.0
Trd, 000653.520, 90.0
Trd, 000654.220, 90
Trd, 000654.380, 80
Trd, 000654.540, 90
Trd, 000654.660, 91.0
Trd, 000654.800, 90
Trd, 000655.820, 97
Trd, 000656.340, 108.0
Trd, 000657.040, 104.0
Trd, 000657.520, 101
Trd, 000657.620, 100
Trd, 000657.680, 101
Trd, 000658.440, 88.0
Trd, 000659.260, 90.0
Trd, 000659.500, 91.0
Trd, 000660.060, 87.0
Trd, 000660.500, 90
Trd, 000661.140, 91
Trd, 000661.400, 81
Trd, 000661.460, 83.0
Trd, 000661.720, 91.0
Trd, 000661.980, 95
Trd, 000662.000, 80
Trd, 000663.260, 95
Trd, 000664.680, 90
Trd, 000664.900, 87.0
Trd, 000665.040, 90
Trd, 000665.340, 94
Trd, 000666.580, 93
Trd, 000667.400, 91
Trd, 000668.180, 91
Trd, 000668.500, 88
Trd, 000668.820, 107.0
Trd, 000669.400, 106.0
Trd, 000669.840, 105
Trd, 000669.880, 106.0
Trd, 000670.180, 100
Trd, 000670.920, 107.0
Trd, 000671.160, 102
Trd, 000672.020, 100
Trd, 000672.340, 99
Trd, 000672.820, 99
Trd, 000672.860, 97
Trd, 000673.480, 87.0
Trd, 000673.560, 91.0
Trd, 000673.680, 80
Trd, 000674.460, 107.0
Trd, 000676.400, 104.0
Trd, 000678.300, 99
Trd, 000678.380, 97.0
Trd, 000678.460, 100
Trd, 000678.820, 99
Trd, 000678.980, 100
Trd, 000679.180, 97
Trd, 000679.780, 104.0
Trd, 000680.680, 101
Trd, 000682.660, 100
Trd, 000682.740, 95.0
Trd, 000683.160, 97
Trd, 000683.840, 97
Trd, 000683.920, 95.0
Trd, 000684.680, 98
Trd, 000684.760, 87.0
Trd, 000685.520, 94
Trd, 000685.920, 87.0
Trd, 000685.940, 96
Trd, 000686.020, 92
Trd, 000686.100, 97
Trd, 000688.180, 92
Trd, 000688.240, 93
Trd, 000688.340, 92
Trd, 000688.500, 91.0
Trd, 000689.360, 92
Trd, 000690.220, 93
Trd, 000690.260, 95
Trd, 000690.500, 84
Trd, 000690.780, 104.0
Trd, 000692.080, 104.0
Trd, 000692.460, 93
Trd, 000692.620, 96
Trd, 000692.860, 104.0
Trd, 000694.000, 99
Trd, 000694.020, 99
Trd, 000695.180, 96.0
Trd, 000695.420, 97
Trd, 000696.520, 98
Trd, 000696.740, 96
Trd, 000696.780, 97
Trd, 000697.600, 95.0
Trd, 000697.620, 94
Trd, 000698.300, 96
Trd, 000698.780, 96
Trd, 000699.480, 95
Trd, 000699.640, 87.0
Trd, 000699.780, 84
Trd, 000701.160, 95
Trd, 000701.480, 92
Trd, 000702.120, 90
Trd, 000702.200, 88
Trd, 000702.840, 82.0
Trd, 000702.860, 83.0
Trd, 000703.520, 108.0
Trd, 000703.600, 115.0
Trd, 000704.460, 81
Trd, 000705.360, 104.0
Trd, 000706.200, 91.0
Trd, 000707.200, 97
Trd, 000707.340, 98
Trd, 000707.820, 96
Trd, 000707.860, 104.0
Trd, 000708.180, 101
Trd, 000708.260, 104.0
Trd, 000709.400, 104.0
Trd, 000709.780, 96
Trd, 000710.760, 100
Trd, 000710.800, 95
Trd, 000710.900, 100.0
Trd, 000711.220, 99
Trd, 000711.400, 92
Trd, 000711.780, 95
Trd, 000712.240, 94
Trd, 000713.340, 89.0
Trd, 000713.760, 91.0
Trd, 000714.040, 90.0
Trd, 000714.120, 87.0
Trd, 000714.240, 91
Trd, 000716.280, 92
Trd, 000716.460, 93
Trd, 000716.680, 91
Trd, 000716.800, 80
Trd, 000717.020, 93
Trd, 000717.160, 93
Trd, 000719.440, 88
Trd, 000720.140, 88
Trd, 000720.240, 89
Trd, 000720.700, 89
Trd, 000720.960, 90
Trd, 000721.100, 88.0
Trd, 000722.500, 88.0
Trd, 000723.060, 88
Trd, 000723.220, 87
Trd, 000723.440, 108.0
Trd, 000723.760, 95
Trd, 000723.880, 88
Trd, 000724.440, 98
Trd, 000724.780, 90
Trd, 000726.180, 92
Trd, 000726.400, 94
Trd, 000726.740, 88.0
Trd, 000726.900, 92
Trd, 000728.040, 96
Trd, 000728.300, 90
Trd, 000728.580, 90
Trd, 000729.040, 91.0
Trd, 000730.760, 89
Trd, 000730.780, 90
Trd, 000731.440, 87.0
Trd, 000731.980, 88
Trd, 000732.280, 87
Trd, 000732.940, 87
Trd, 000733.080, 79
Trd, 000733.260, 94
Trd, 000733.540, 95
Trd, 000733.680, 91
Trd, 000734.280, 90.0
Trd, 000734.640, 91.0
Trd, 000734.960, 94
Trd, 000735.320, 96
Trd, 000736.500, 93
Trd, 000736.920, 94
Trd, 000736.960, 95
Trd, 000737.440, 95.0
Trd, 000737.700, 108.0
Trd, 000739.200, 108.0
Trd, 000739.620, 113.0
Trd, 000740.120, 105
Trd, 000740.760, 102
Trd, 000741.600, 102
Trd, 000742.060, 100
Trd, 000742.320, 99
Trd, 000743.260, 106
Trd, 000743.740, 116.0
Trd, 000743.860, 117
Trd, 000744.140, 108.0
Trd, 000744.420, 116.0
Trd, 000744.660, 105
Trd, 000745.220, 105
Trd, 000745.580, 88.0
Trd, 000746.060, 98
Trd, 000746.400, 98
Trd, 000747.980, 101
Trd, 000748.080, 100
Trd, 000749.040, 93
Trd, 000749.380, 92
Trd, 000749.500, 93
Trd, 000749.520, 95
Trd, 000750.260, 89.0
Trd, 000751.180, 89.0
Trd, 000751.400, 91.0
Trd, 000752.220, 108.0
Trd, 000752.260, 93
Trd, 000752.880, 88.0
Trd, 000753.320, 115.0
Trd, 000753.780, 115.0
Trd, 000754.940, 100
Trd, 000755.480, 95
Trd, 000756.160, 91
Trd, 000756.280, 87.0
Trd, 000756.320, 91.0
Trd, 000757.840, 90
Trd, 000757.900, 90
Trd, 000758.160, 90
Trd, 000758.520, 89
Trd, 000758.840, 90
Trd, 000759.180, 88
Trd, 000760.100, 88
Trd, 000760.220, 90.0
Trd, 000760.900, 90
Trd, 000762.040, 91.0
Trd, 000762.540, 107.0
Trd, 000763.040, 104.0
Trd, 000764.000, 94
Trd, 000764.200, 93
Trd, 000764.300, 100
Trd, 000764.680, 95
Trd, 000764.840, 100
Trd, 000765.060, 107.0
Trd, 000765.500, 95
Trd, 000766.420, 95
Trd, 000768.100, 95
Trd, 000768.340, 94
Trd, 000768.360, 87.0
Trd, 000768.480, 96
Trd, 000769.000, 94
Trd, 000769.480, 94
Trd, 000769.660, 95
Trd, 000771.320, 94
Trd, 000771.760, 93
Trd, 000771.780, 94
Trd, 000772.300, 95
Trd, 000773.080, 93
Trd, 000773.760, 95
Trd, 000773.920, 95
Trd, 000774.440, 94
Trd, 000774.640, 93
Trd, 000775.000, 96
Trd, 000775.100, 108.0
Trd, 000776.100, 93
Trd, 000776.440, 97
Trd, 000776.500, 97
Trd, 000776.720, 93
Trd, 000777.860, 113.0
Trd, 000779.080, 98
Trd, 000779.980, 91.0
Trd, 000780.100, 103
Trd, 000780.320, 102
Trd, 000780.360, 87.0
Trd, 000781.000, 97
Trd, 000781.500, 80
Trd, 000782.680, 93
Trd, 000782.820, 86
Trd, 000782.900, 91
Trd, 000783.920, 89
Trd, 000784.160, 90
Trd, 000785.660, 89
Trd, 000786.380, 87
Trd, 000786.800, 87.0
Trd, 000787.640, 86
Trd, 000787.680, 86
Trd, 000787.920, 87
Trd, 000787.980, 91.0
Trd, 000789.840, 85
Trd, 000789.980, 83
Trd, 000790.040, 91.0
Trd, 000790.060, 95
Trd, 000790.740, 81
Trd, 000791.220, 89
Trd, 000791.820, 83.0
Trd, 000792.080, 79
Trd, 000792.300, 82
Trd, 000792.980, 79
Trd, 000793.560, 91.0
Trd, 000793.640, 79
Trd, 000793.900, 95
Trd, 000795.820, 92
Trd, 000797.060, 104.0
Trd, 000797.140, 107.0
Trd, 000798.620, 104
Trd, 000798.820, 105.0
Trd, 000799.000, 104.0
Trd, 000799.160, 105
Trd, 000799.260, 104
Trd, 000799.280, 103
Trd, 000799.680, 107.0
Trd, 000799.740, 100
Trd, 000801.220, 104.0
Trd, 000802.060, 99
Trd, 000802.720, 103
Trd, 000803.820, 102
Trd, 000804.100, 107.0
Trd, 000804.500, 102
Trd, 000804.960, 105.0
Trd, 000805.060, 104
Trd, 000805.460, 99
Trd, 000806.160, 95.0
Trd, 000807.760, 94
Trd, 000808.040, 87.0
Trd, 000808.280, 93
Trd, 000808.620, 90
Trd, 000808.800, 90
Trd, 000809.080, 91
Trd, 000809.480, 91.0
Trd, 000809.640, 90
Trd, 000810.060, 95
Trd, 000810.860, 90.0
Trd, 000811.000, 108.0
Trd, 000812.120, 101
Trd, 000813.660, 99
Trd, 000813.920, 97.0
Trd, 000814.060, 95.0
Trd, 000814.900, 98
Trd, 000815.080, 96
Trd, 000815.760, 95
Trd, 000816.620, 97
Trd, 000817.280, 97
Trd, 000817.360, 94
Trd, 000817.480, 89
Trd, 000818.060, 91
Trd, 000818.960, 93
Trd, 000819.680, 89
Trd, 000819.780, 90
Trd, 000820.460, 93
Trd, 000821.040, 90.0
Trd, 000821.300, 93
Trd, 000821.420, 96
Trd, 000822.120, 91
Trd, 000822.740, 91
Trd, 000822.920, 89
Trd, 000825.180, 90
Trd, 000825.940, 94
Trd, 000826.120, 95
Trd, 000826.200, 93
Trd, 000826.960, 107.0
Trd, 000827.100, 104.0
Trd, 000827.940, 96
Trd, 000828.400, 101
Trd, 000828.500, 96
Trd, 000828.580, 95.0
Trd, 000828.800, 94
Trd, 000829.740, 106.0
Trd, 000829.820, 92
Trd, 000830.020, 107.0
Trd, 000830.500, 104
Trd, 000831.900, 93
Trd, 000832.600, 95
Trd, 000833.320, 95
Trd, 000833.680, 94
Trd, 000834.120, 94
Trd, 000834.920, 89.0
Trd, 000835.060, 90
Trd, 000835.180, 89
Trd, 000835.720, 87.0
Trd, 000836.480, 86
Trd, 000836.820, 108.0
Trd, 000838.060, 90
Trd, 000839.600, 104.0
Trd, 000839.640, 94
Trd, 000840.380, 101
Trd, 000840.680, 101
Trd, 000840.860, 100
Trd, 000840.900, 101
Trd, 000841.860, 94.0
Trd, 000841.980, 95.0
Trd, 000842.720, 97.0
Trd, 000842.880, 96
Trd, 000843.500, 96
Trd, 000843.760, 95.0
Trd, 000845.180, 104.0
Trd, 000845.580, 106
Trd, 000845.700, 105
Trd, 000846.140, 104
Trd, 000846.440, 104
Trd, 000847.380, 107.0
Trd, 000847.680, 99
Trd, 000847.860, 95.0
Trd, 000848.280, 105
Trd, 000848.820, 102
Trd, 000849.660, 89.0
Trd, 000850.100, 94
Trd, 000850.200, 95
Trd, 000850.280, 96
Trd, 000850.760, 96
Trd, 000851.500, 95
Trd, 000852.220, 101.0
Trd, 000852.740, 100.0
Trd, 000853.700, 95
Trd, 000854.480, 91.0
Trd, 000855.100, 95
Trd, 000855.440, 94
Trd, 000855.520, 88.0
Trd, 000855.840, 95
Trd, 000856.080, 92
Trd, 000856.660, 87.0
Trd, 000856.780, 93
Trd, 000857.860, 93
Trd, 000858.300, 95
Trd, 000858.600, 106.0
Trd, 000858.860, 94
Trd, 000860.360, 101.0
Trd, 000860.520, 103.0
Trd, 000860.720, 108.0
Trd, 000862.000, 104
Trd, 000862.180, 94
Trd, 000862.480, 101
Trd, 000862.660, 103
Trd, 000862.760, 116.0
Trd, 000862.900, 99
