Trd, 000182.257, 100
Trd, 000182.371, 111.0
Trd, 000182.400, 93
Trd, 000182.486, 100
Trd, 000182.671, 104
Trd, 000183.300, 113
Trd, 000183.700, 103
Trd, 000184.757, 112
Trd, 000184.786, 100
Trd, 000184.929, 90
Trd, 000185.129, 100
Trd, 000185.957, 101
Trd, 000186.371, 100
Trd, 000186.571, 114
Trd, 000186.771, 100
Trd, 000187.543, 100
Trd, 000187.757, 106
Trd, 000187.843, 100
Trd, 000188.986, 100
Trd, 000189.600, 105
Trd, 000189.714, 106
Trd, 000190.043, 101
Trd, 000190.214, 104
Trd, 000190.386, 100
Trd, 000190.757, 100
Trd, 000191.514, 101.0
Trd, 000191.814, 102
Trd, 000191.929, 103
Trd, 000192.386, 102
Trd, 000192.700, 101.0
Trd, 000193.014, 103
Trd, 000194.014, 101
Trd, 000194.314, 101
Trd, 000194.343, 100
Trd, 000194.929, 100.0
Trd, 000194.986, 102
Trd, 000195.300, 100
Trd, 000195.814, 101
Trd, 000196.229, 100
Trd, 000196.500, 100
Trd, 000196.786, 100
Trd, 000196.871, 100
Trd, 000197.043, 100
Trd, 000197.771, 98
Trd, 000197.986, 99
Trd, 000198.629, 100
Trd, 000198.643, 100
Trd, 000199.129, 100
Trd, 000200.057, 100
Trd, 000200.343, 99
Trd, 000200.757, 100
Trd, 000200.771, 100
Trd, 000200.900, 100
Trd, 000202.871, 101
Trd, 000203.257, 100
Trd, 000203.771, 102
Trd, 000203.957, 101
Trd, 000204.043, 100
Trd, 000204.129, 111.0
Trd, 000204.457, 101
Trd, 000204.757, 113
Trd, 000204.986, 100
Trd, 000205.057, 108
Trd, 000205.229, 114
Trd, 000205.371, 100
Trd, 000205.443, 100
Trd, 000205.514, 100.0
Trd, 000206.314, 115
Trd, 000207.071, 102
Trd, 000207.486, 100
Trd, 000208.043, 100
Trd, 000208.557, 114
Trd, 000209.043, 102
Trd, 000209.557, 110
Trd, 000210.257, 108
Trd, 000210.400, 103
Trd, 000210.857, 111
Trd, 000212.343, 106
Trd, 000212.457, 101
Trd, 000212.586, 100
Trd, 000213.071, 101
Trd, 000213.129, 100
Trd, 000213.457, 107
Trd, 000213.857, 100
Trd, 000214.171, 106
Trd, 000214.271, 100
Trd, 000215.086, 101
Trd, 000215.100, 106
Trd, 000216.129, 103
Trd, 000216.314, 100
Trd, 000216.714, 100
Trd, 000216.886, 101
Trd, 000217.057, 101
Trd, 000217.114, 100
Trd, 000217.214, 100
Trd, 000217.743, 103
Trd, 000217.986, 102.0
Trd, 000218.657, 101.0
Trd, 000219.129, 101
Trd, 000219.471, 100.0
Trd, 000219.857, 100
Trd, 000220.400, 101
Trd, 000220.700, 102
Trd, 000221.071, 100
Trd, 000221.100, 100
Trd, 000221.229, 100
Trd, 000221.314, 102
Trd, 000221.929, 100
Trd, 000221.943, 103
Trd, 000222.400, 110.0
Trd, 000223.171, 101
Trd, 000223.300, 100
Trd, 000224.586, 100
Trd, 000224.829, 100
Trd, 000224.900, 101
Trd, 000225.086, 100
Trd, 000225.314, 109.0
Trd, 000225.829, 100
Trd, 000225.857, 103
Trd, 000226.629, 101
Trd, 000227.086, 100
Trd, 000227.386, 100.0
Trd, 000227.557, 103
Trd, 000227.714, 102
Trd, 000228.314, 100
Trd, 000228.729, 100
Trd, 000229.543, 101
Trd, 000230.014, 100
Trd, 000230.243, 100.0
Trd, 000230.857, 101
Trd, 000231.257, 101
Trd, 000231.786, 101
Trd, 000232.257, 102
Trd, 000233.071, 100
Trd, 000233.243, 100
Trd, 000233.443, 110.0
Trd, 000233.514, 100
Trd, 000234.257, 100
Trd, 000234.329, 101
Trd, 000234.714, 102
Trd, 000234.814, 100
Trd, 000234.986, 100
Trd, 000235.143, 101
Trd, 000235.729, 100
Trd, 000236.129, 99
Trd, 000236.400, 95
Trd, 000236.529, 99
Trd, 000236.757, 100
Trd, 000237.386, 101
Trd, 000237.957, 100
Trd, 000238.529, 109.0
Trd, 000238.686, 114
Trd, 000239.714, 106
Trd, 000239.814, 105
Trd, 000239.900, 115
Trd, 000240.314, 101
Trd, 000240.671, 105
Trd, 000241.243, 100
Trd, 000241.586, 100.0
Trd, 000241.600, 100
Trd, 000242.014, 103
Trd, 000242.329, 103
Trd, 000242.857, 102
Trd, 000243.671, 100
Trd, 000244.129, 100
Trd, 000244.486, 100
Trd, 000244.829, 102
Trd, 000245.086, 102
Trd, 000245.571, 100.0
Trd, 000246.114, 101
Trd, 000246.200, 101
Trd, 000246.657, 100
Trd, 000246.829, 101
Trd, 000247.229, 100
Trd, 000247.443, 100
Trd, 000247.500, 102
Trd, 000248.300, 100
Trd, 000248.357, 102
Trd, 000248.500, 100.0
Trd, 000248.586, 111.0
Trd, 000249.357, 100
Trd, 000249.700, 98
Trd, 000250.086, 100
Trd, 000250.186, 101
Trd, 000250.200, 100
Trd, 000250.286, 115
Trd, 000251.171, 101
Trd, 000252.557, 100
Trd, 000252.729, 100
Trd, 000252.914, 100
Trd, 000253.414, 103
Trd, 000254.143, 100
Trd, 000254.214, 100.0
Trd, 000255.871, 100
Trd, 000255.943, 100
Trd, 000256.257, 95
Trd, 000256.371, 96
Trd, 000256.643, 97
Trd, 000256.800, 99
Trd, 000256.971, 102
Trd, 000257.186, 115
Trd, 000257.571, 111.0
Trd, 000257.757, 100
Trd, 000258.171, 106
Trd, 000258.214, 100
Trd, 000258.471, 113
Trd, 000258.643, 116
Trd, 000258.886, 100
Trd, 000259.329, 100
Trd, 000260.443, 101.0
Trd, 000260.900, 101.0
Trd, 000261.086, 104
Trd, 000261.286, 100.0
Trd, 000261.700, 101
Trd, 000261.843, 101
Trd, 000262.000, 100
Trd, 000262.329, 100
Trd, 000263.729, 101
Trd, 000264.114, 100
Trd, 000264.543, 100
Trd, 000264.571, 102
Trd, 000265.614, 102
Trd, 000265.700, 102
Trd, 000265.771, 103
Trd, 000265.786, 111.0
Trd, 000266.114, 101
Trd, 000266.200, 100
Trd, 000266.643, 100
Trd, 000266.671, 106
Trd, 000267.057, 100
Trd, 000268.157, 105
Trd, 000268.957, 100.0
Trd, 000269.271, 100
Trd, 000269.600, 103
Trd, 000269.671, 102
Trd, 000270.000, 102
Trd, 000270.386, 100
Trd, 000270.514, 101
Trd, 000270.671, 100
Trd, 000270.800, 100
Trd, 000271.171, 100
Trd, 000271.214, 100.0
Trd, 000271.643, 101
Trd, 000272.171, 101
Trd, 000272.200, 100
Trd, 000272.643, 111.0
Trd, 000272.700, 100
Trd, 000273.329, 116
Trd, 000273.929, 101
Trd, 000274.029, 115
Trd, 000274.171, 101
Trd, 000274.200, 100
Trd, 000275.029, 110
Trd, 000275.100, 108
Trd, 000275.757, 101
Trd, 000276.000, 100
Trd, 000276.671, 100.0
Trd, 000276.943, 100
Trd, 000277.857, 101
Trd, 000278.100, 102
Trd, 000278.486, 104
Trd, 000279.043, 100
Trd, 000279.286, 100
Trd, 000279.771, 102
Trd, 000280.600, 101
Trd, 000280.857, 100
Trd, 000281.286, 100
Trd, 000281.300, 100
Trd, 000281.400, 101
Trd, 000281.500, 101
Trd, 000281.586, 100
Trd, 000282.071, 101
Trd, 000282.171, 100
Trd, 000282.543, 100
Trd, 000283.671, 100.0
Trd, 000284.286, 101
Trd, 000284.914, 111.0
Trd, 000285.843, 103
Trd, 000285.986, 101
Trd, 000286.500, 102
Trd, 000286.657, 104
Trd, 000286.700, 100.0
Trd, 000286.943, 105
Trd, 000287.371, 100
Trd, 000287.671, 100
Trd, 000288.200, 104
Trd, 000288.314, 100
Trd, 000289.014, 103
Trd, 000289.229, 102
Trd, 000289.300, 100
Trd, 000289.814, 102
Trd, 000289.986, 103
Trd, 000290.086, 103
Trd, 000290.629, 103
Trd, 000292.000, 100
Trd, 000292.271, 100
Trd, 000292.286, 100
Trd, 000292.571, 101
Trd, 000292.629, 100
Trd, 000292.657, 102
Trd, 000293.214, 101
Trd, 000293.786, 103
Trd, 000294.514, 104
Trd, 000294.671, 103
Trd, 000294.957, 100
Trd, 000295.271, 100.0
Trd, 000295.286, 100
Trd, 000296.357, 100
Trd, 000296.529, 101
Trd, 000298.243, 100
Trd, 000298.329, 100
Trd, 000298.386, 101
Trd, 000298.414, 100
Trd, 000298.714, 100
Trd, 000298.843, 100
Trd, 000299.057, 101
Trd, 000299.371, 103
Trd, 000299.929, 101
Trd, 000300.743, 102
Trd, 000301.514, 102
Trd, 000301.686, 108.0
Trd, 000301.886, 100
Trd, 000302.086, 100
Trd, 000302.371, 111.0
Trd, 000302.657, 101
Trd, 000302.671, 100
Trd, 000302.843, 100
Trd, 000303.243, 114
Trd, 000304.629, 112.0
Trd, 000304.929, 111.0
Trd, 000305.600, 108.0
Trd, 000305.786, 114
Trd, 000306.571, 100
Trd, 000306.843, 100
Trd, 000307.029, 100.0
Trd, 000307.871, 100
Trd, 000308.229, 100
Trd, 000309.329, 100
Trd, 000309.686, 101
Trd, 000310.043, 101
Trd, 000310.086, 100
Trd, 000310.129, 100
Trd, 000310.186, 101
Trd, 000310.471, 100.0
Trd, 000310.886, 100
Trd, 000311.457, 100
Trd, 000311.471, 100
Trd, 000311.700, 101
Trd, 000311.814, 111.0
Trd, 000312.043, 100
Trd, 000312.729, 99
Trd, 000313.143, 92
Trd, 000313.243, 100
Trd, 000313.271, 100
Trd, 000313.571, 100
Trd, 000313.714, 100
Trd, 000314.243, 100
Trd, 000314.400, 100
Trd, 000314.886, 100
Trd, 000315.243, 100
Trd, 000315.671, 100
Trd, 000316.529, 99
Trd, 000316.586, 100
Trd, 000316.686, 101
Trd, 000316.800, 100
Trd, 000317.043, 110.0
Trd, 000318.000, 106
Trd, 000318.371, 105
Trd, 000319.029, 100
Trd, 000319.643, 102
Trd, 000319.957, 104
Trd, 000320.229, 102
Trd, 000320.314, 107.0
Trd, 000320.614, 100
Trd, 000320.814, 104
Trd, 000321.457, 100
Trd, 000321.557, 100
Trd, 000322.429, 101
Trd, 000322.586, 100
Trd, 000322.886, 100
Trd, 000322.929, 100.0
Trd, 000322.957, 101
Trd, 000323.157, 100
Trd, 000323.643, 100
Trd, 000324.014, 100
Trd, 000324.314, 90
Trd, 000324.443, 101
Trd, 000324.986, 100
Trd, 000325.486, 101
Trd, 000325.829, 100
Trd, 000326.014, 100
Trd, 000326.429, 101
Trd, 000326.514, 102
Trd, 000326.571, 111.0
Trd, 000326.871, 103
Trd, 000327.514, 103
Trd, 000328.729, 104
Trd, 000329.371, 101
Trd, 000329.614, 100
Trd, 000329.786, 109.0
Trd, 000329.914, 100
Trd, 000330.057, 100
Trd, 000330.114, 101
Trd, 000330.771, 100
Trd, 000331.086, 107.0
Trd, 000331.414, 101
Trd, 000331.557, 108.0
Trd, 000332.871, 100
Trd, 000333.686, 100
Trd, 000333.814, 100
Trd, 000333.957, 99
Trd, 000334.029, 98
Trd, 000334.271, 100
Trd, 000334.786, 100
Trd, 000334.886, 104
Trd, 000335.171, 105
Trd, 000335.257, 102
Trd, 000335.686, 103
Trd, 000335.729, 111.0
Trd, 000335.786, 116
Trd, 000336.629, 100
Trd, 000338.200, 105
Trd, 000338.757, 104
Trd, 000339.271, 101
Trd, 000339.414, 100
Trd, 000339.486, 116
Trd, 000340.043, 111.0
Trd, 000340.329, 100.0
Trd, 000341.114, 102
Trd, 000341.643, 100
Trd, 000341.700, 105
Trd, 000342.086, 105
Trd, 000342.771, 104
Trd, 000342.800, 105
Trd, 000343.029, 100
Trd, 000343.357, 100
Trd, 000343.743, 101
Trd, 000343.957, 102
Trd, 000344.471, 100
Trd, 000344.929, 100
Trd, 000345.000, 100.0
Trd, 000345.143, 100
Trd, 000345.271, 101
Trd, 000346.014, 102
Trd, 000346.129, 111.0
Trd, 000346.586, 101
Trd, 000347.500, 100
Trd, 000347.757, 102
Trd, 000348.286, 100
Trd, 000348.443, 101
Trd, 000348.557, 100
Trd, 000348.571, 100
Trd, 000349.129, 101
Trd, 000349.300, 100.0
Trd, 000349.429, 100
Trd, 000349.529, 100
Trd, 000349.671, 100
Trd, 000349.986, 100
Trd, 000350.200, 101
Trd, 000350.357, 100
Trd, 000350.700, 98
Trd, 000352.343, 98
Trd, 000353.457, 98
Trd, 000353.943, 100
Trd, 000354.114, 100
Trd, 000354.457, 100
Trd, 000354.657, 96
Trd, 000354.671, 98
Trd, 000354.757, 95
Trd, 000354.829, 99
Trd, 000355.171, 100
Trd, 000355.371, 100
Trd, 000355.743, 100
Trd, 000356.514, 99
Trd, 000356.743, 100
Trd, 000357.143, 100
Trd, 000357.214, 100
Trd, 000357.643, 99
Trd, 000357.914, 99
Trd, 000358.200, 100
Trd, 000359.357, 111.0
Trd, 000359.686, 100
Trd, 000359.929, 100
Trd, 000360.171, 92
Trd, 000360.514, 100
Trd, 000360.557, 100
Trd, 000360.857, 101
Trd, 000361.214, 100
Trd, 000361.314, 101
Trd, 000361.986, 99
Trd, 000362.343, 100
Trd, 000362.857, 98
Trd, 000362.929, 99
Trd, 000363.186, 100
Trd, 000363.243, 100
Trd, 000363.900, 100
Trd, 000364.314, 99
Trd, 000364.486, 100
Trd, 000365.129, 100
Trd, 000365.614, 99
Trd, 000365.986, 100
Trd, 000366.157, 99
Trd, 000366.929, 100
Trd, 000367.229, 99
Trd, 000367.486, 100
Trd, 000367.657, 99
Trd, 000367.886, 100
Trd, 000368.014, 100
Trd, 000368.243, 100
Trd, 000369.000, 100
Trd, 000369.429, 90
Trd, 000369.571, 98
Trd, 000369.914, 98
Trd, 000370.486, 98
Trd, 000370.586, 99
Trd, 000370.700, 100
Trd, 000372.014, 100
Trd, 000372.086, 107.0
Trd, 000372.257, 100.0
Trd, 000372.471, 116
Trd, 000373.157, 102
Trd, 000373.286, 100
Trd, 000373.714, 105
Trd, 000374.243, 102
Trd, 000374.514, 102
Trd, 000374.814, 102
Trd, 000374.986, 103
Trd, 000375.100, 100
Trd, 000375.871, 100
Trd, 000377.229, 102
Trd, 000377.243, 100.0
Trd, 000377.314, 101
Trd, 000377.686, 100
Trd, 000377.957, 102
Trd, 000378.129, 100
Trd, 000378.229, 103
Trd, 000378.614, 104
Trd, 000378.886, 100
Trd, 000379.986, 100
Trd, 000380.443, 101
Trd, 000380.729, 100
Trd, 000380.900, 102
Trd, 000381.071, 100
Trd, 000382.600, 102
Trd, 000383.343, 101
Trd, 000383.729, 101
Trd, 000383.843, 100
Trd, 000384.043, 101
Trd, 000384.743, 101.0
Trd, 000384.957, 109.0
Trd, 000385.143, 100.0
Trd, 000385.414, 100
Trd, 000385.529, 100
Trd, 000385.643, 100
Trd, 000386.514, 116
Trd, 000386.886, 110.0
Trd, 000387.457, 100
Trd, 000387.729, 100
Trd, 000387.886, 100
Trd, 000388.343, 100
Trd, 000389.000, 101
Trd, 000389.986, 102
Trd, 000390.043, 102
Trd, 000390.329, 100
Trd, 000390.571, 100
Trd, 000390.943, 100
Trd, 000391.057, 102
Trd, 000391.514, 100
Trd, 000391.600, 100
Trd, 000392.071, 100
Trd, 000392.129, 100
Trd, 000392.486, 100
Trd, 000392.686, 104
Trd, 000393.886, 103
Trd, 000394.243, 102
Trd, 000394.886, 100
Trd, 000394.900, 100
Trd, 000395.400, 101.0
Trd, 000395.471, 100.0
Trd, 000396.229, 102
Trd, 000396.529, 115
Trd, 000396.571, 101
Trd, 000396.586, 116
Trd, 000397.357, 101
Trd, 000398.043, 100
Trd, 000398.071, 103
Trd, 000399.271, 102
Trd, 000399.457, 102
Trd, 000399.671, 104
Trd, 000399.800, 101
Trd, 000399.814, 100
Trd, 000399.986, 104
Trd, 000400.143, 100
Trd, 000400.329, 100
Trd, 000401.300, 100
Trd, 000401.429, 100
Trd, 000402.586, 100.0
Trd, 000402.671, 100
Trd, 000402.800, 101
Trd, 000403.143, 100
Trd, 000403.429, 101
Trd, 000403.557, 100
Trd, 000403.914, 100
Trd, 000403.943, 100
Trd, 000403.986, 101
Trd, 000405.800, 100.0
Trd, 000405.886, 101
Trd, 000405.929, 100
Trd, 000406.271, 102
Trd, 000406.557, 111.0
Trd, 000406.986, 111.0
Trd, 000407.171, 102
Trd, 000407.343, 115
Trd, 000407.457, 100
Trd, 000408.043, 100.0
Trd, 000408.957, 100
Trd, 000409.043, 108
Trd, 000409.700, 101
Trd, 000410.214, 108
Trd, 000411.029, 101
Trd, 000411.271, 100
Trd, 000412.171, 100
Trd, 000412.271, 105
Trd, 000412.771, 104
Trd, 000412.886, 103
Trd, 000412.943, 104
Trd, 000414.114, 101
Trd, 000414.157, 100.0
Trd, 000414.200, 103
Trd, 000414.857, 100
Trd, 000415.271, 102
Trd, 000415.600, 100
Trd, 000415.614, 100
Trd, 000415.943, 100
Trd, 000416.600, 101
Trd, 000416.729, 100
Trd, 000417.114, 100
Trd, 000417.371, 101
Trd, 000417.986, 100
Trd, 000418.043, 111.0
Trd, 000419.043, 98
Trd, 000419.329, 97
Trd, 000419.729, 97
Trd, 000420.271, 96
Trd, 000421.257, 91
Trd, 000421.757, 100
Trd, 000422.143, 100
Trd, 000422.214, 100
Trd, 000422.471, 100
Trd, 000422.486, 100
Trd, 000422.543, 100
Trd, 000422.571, 111.0
Trd, 000423.757, 100
Trd, 000424.986, 95
Trd, 000425.000, 99
Trd, 000425.429, 100
Trd, 000425.743, 100
Trd, 000426.343, 99
Trd, 000426.671, 100
Trd, 000427.086, 100
Trd, 000427.429, 98
Trd, 000427.871, 93
Trd, 000428.329, 96
Trd, 000428.471, 97
Trd, 000428.829, 100
Trd, 000429.157, 100
Trd, 000429.657, 95
Trd, 000429.729, 96
Trd, 000429.829, 100
Trd, 000429.943, 100
Trd, 000430.143, 100
Trd, 000430.171, 93
Trd, 000430.557, 97
Trd, 000430.871, 99
Trd, 000430.986, 97
Trd, 000431.429, 91.0
Trd, 000431.857, 100
Trd, 000431.986, 100
Trd, 000432.471, 98
Trd, 000432.871, 99
Trd, 000433.343, 99
Trd, 000434.571, 100
Trd, 000434.757, 100
Trd, 000434.914, 100
Trd, 000434.986, 91
Trd, 000435.043, 100
Trd, 000435.957, 97
Trd, 000436.186, 97
Trd, 000436.614, 97
Trd, 000436.800, 99
Trd, 000437.714, 98
Trd, 000437.900, 100
Trd, 000438.543, 100
Trd, 000438.614, 95
Trd, 000438.957, 99
Trd, 000438.971, 100
Trd, 000439.129, 100
Trd, 000439.543, 100
Trd, 000439.743, 100
Trd, 000439.886, 100
Trd, 000439.900, 100
Trd, 000440.014, 94
Trd, 000440.571, 100
Trd, 000441.386, 100
Trd, 000441.714, 100
Trd, 000442.614, 99
Trd, 000443.071, 99
Trd, 000443.171, 99
Trd, 000443.386, 98
Trd, 000443.771, 99
Trd, 000444.029, 98
Trd, 000444.186, 100
Trd, 000445.029, 99
Trd, 000445.843, 99
Trd, 000445.914, 100
Trd, 000446.586, 91
Trd, 000446.686, 91.0
Trd, 000446.729, 100
Trd, 000447.214, 100
Trd, 000447.400, 100
Trd, 000447.714, 100
Trd, 000447.886, 100
Trd, 000448.143, 100
Trd, 000449.171, 100
Trd, 000449.314, 100
Trd, 000449.671, 99
Trd, 000450.300, 98
Trd, 000450.514, 100
Trd, 000450.557, 100
Trd, 000450.914, 100
Trd, 000451.329, 111.0
Trd, 000451.514, 100
Trd, 000451.929, 100
Trd, 000452.229, 100
Trd, 000452.386, 100
Trd, 000454.486, 96
Trd, 000454.757, 97
Trd, 000454.900, 100
Trd, 000455.100, 100
Trd, 000455.129, 117
Trd, 000455.671, 95
Trd, 000456.114, 100
Trd, 000456.500, 111.0
Trd, 000456.571, 100.0
Trd, 000457.057, 103
Trd, 000457.229, 100
Trd, 000457.514, 103
Trd, 000457.986, 103
Trd, 000458.143, 109.0
Trd, 000458.257, 100
Trd, 000458.800, 102
Trd, 000459.300, 103
Trd, 000459.786, 100
Trd, 000460.186, 100
Trd, 000460.371, 100
Trd, 000460.386, 100.0
Trd, 000460.457, 100
Trd, 000460.886, 100
Trd, 000461.000, 100
Trd, 000461.300, 100
Trd, 000461.971, 96
Trd, 000462.471, 99
Trd, 000462.786, 99
Trd, 000463.743, 98
Trd, 000465.100, 91
Trd, 000465.143, 98
Trd, 000465.386, 100
Trd, 000465.529, 100
Trd, 000465.714, 100
Trd, 000465.757, 100
Trd, 000465.943, 100
Trd, 000466.286, 100
Trd, 000466.357, 101
Trd, 000466.786, 111.0
Trd, 000466.971, 101
Trd, 000467.500, 101
Trd, 000467.714, 117
Trd, 000468.314, 101
Trd, 000468.614, 115
Trd, 000470.157, 101
Trd, 000470.357, 102
Trd, 000470.800, 100
Trd, 000471.100, 101
Trd, 000471.571, 101
Trd, 000471.614, 100
Trd, 000471.657, 100.0
Trd, 000472.200, 102
Trd, 000472.214, 100
Trd, 000472.886, 100
Trd, 000473.629, 100
Trd, 000474.229, 101
Trd, 000474.371, 102
Trd, 000474.771, 102
Trd, 000474.929, 104
Trd, 000475.771, 103
Trd, 000476.100, 100
Trd, 000476.257, 100
Trd, 000476.829, 101
Trd, 000477.200, 101
Trd, 000477.443, 100
Trd, 000477.671, 100
Trd, 000477.729, 100
Trd, 000477.843, 101
Trd, 000477.986, 102
Trd, 000478.986, 111.0
Trd, 000479.857, 100.0
Trd, 000480.371, 102
Trd, 000480.629, 104
Trd, 000480.700, 101
Trd, 000480.886, 100
Trd, 000480.957, 111.0
Trd, 000482.129, 100
Trd, 000482.300, 104
Trd, 000482.714, 103
Trd, 000482.843, 102
Trd, 000483.129, 100
Trd, 000483.629, 100
Trd, 000483.643, 100
Trd, 000484.300, 100
Trd, 000484.486, 100
Trd, 000484.943, 100.0
Trd, 000485.171, 101
Trd, 000485.629, 99
Trd, 000485.643, 100
Trd, 000485.814, 100
Trd, 000486.543, 100
Trd, 000486.971, 101
Trd, 000487.057, 111.0
Trd, 000487.114, 101
Trd, 000487.786, 100
Trd, 000487.900, 101
Trd, 000489.443, 101
Trd, 000489.743, 102
Trd, 000490.286, 115
Trd, 000490.414, 101
Trd, 000491.314, 105
Trd, 000491.429, 100
Trd, 000491.914, 100
Trd, 000492.000, 100
Trd, 000492.271, 102
Trd, 000492.486, 101
Trd, 000492.671, 102
Trd, 000492.829, 100
Trd, 000493.500, 102
Trd, 000493.629, 111.0
Trd, 000493.843, 100
Trd, 000495.171, 101
Trd, 000495.457, 100
Trd, 000495.743, 100
Trd, 000495.986, 101
Trd, 000496.229, 100.0
Trd, 000496.386, 100
Trd, 000496.543, 101
Trd, 000497.371, 101
Trd, 000497.600, 100
Trd, 000497.671, 100
Trd, 000497.943, 100
Trd, 000498.243, 101
Trd, 000498.429, 100
Trd, 000498.657, 100
Trd, 000499.571, 100
Trd, 000499.971, 100
Trd, 000500.071, 100
Trd, 000500.500, 100
Trd, 000500.600, 100
Trd, 000500.771, 117
Trd, 000500.986, 117
Trd, 000501.671, 107
Trd, 000502.014, 101
Trd, 000502.786, 100
Trd, 000502.843, 100.0
Trd, 000504.400, 102
Trd, 000504.629, 102
Trd, 000504.686, 101
Trd, 000504.943, 102
Trd, 000505.000, 104
Trd, 000505.214, 100
Trd, 000506.429, 100
Trd, 000506.457, 100
Trd, 000506.771, 100.0
Trd, 000506.914, 102
Trd, 000507.243, 100
Trd, 000508.257, 100
Trd, 000508.986, 102
Trd, 000509.600, 102
Trd, 000509.629, 102
Trd, 000509.814, 100
Trd, 000510.357, 101
Trd, 000510.414, 102
Trd, 000511.371, 102
Trd, 000511.386, 100
Trd, 000511.671, 111.0
Trd, 000511.757, 117
Trd, 000512.414, 102
Trd, 000512.771, 100
Trd, 000512.900, 100
Trd, 000513.086, 100
Trd, 000513.200, 100
Trd, 000513.443, 100.0
Trd, 000513.657, 100
Trd, 000514.143, 97
Trd, 000514.286, 91.0
Trd, 000515.029, 92
Trd, 000515.200, 92
Trd, 000515.243, 93
Trd, 000515.800, 100
Trd, 000516.643, 93
Trd, 000516.743, 93
Trd, 000516.829, 93
Trd, 000516.886, 100
Trd, 000517.786, 100
Trd, 000517.857, 100
Trd, 000518.043, 111.0
Trd, 000518.543, 100
Trd, 000518.729, 116
Trd, 000518.929, 99
Trd, 000519.171, 100
Trd, 000519.186, 98
Trd, 000519.829, 100
Trd, 000519.843, 100
Trd, 000520.329, 103
Trd, 000520.929, 100
Trd, 000521.929, 101.0
Trd, 000521.986, 102
Trd, 000522.229, 100.0
Trd, 000522.814, 101
Trd, 000523.057, 100
Trd, 000523.500, 100
Trd, 000523.943, 102
Trd, 000523.957, 102
Trd, 000524.157, 100
Trd, 000524.457, 102
Trd, 000524.657, 100
Trd, 000524.671, 111.0
Trd, 000524.929, 100
Trd, 000525.000, 100
Trd, 000525.614, 114
Trd, 000526.314, 102.0
Trd, 000526.386, 101.0
Trd, 000526.986, 100.0
Trd, 000527.957, 100
Trd, 000528.671, 104
Trd, 000528.900, 104
Trd, 000529.029, 103
Trd, 000529.229, 102
Trd, 000529.443, 100
Trd, 000529.871, 100
Trd, 000530.086, 100
Trd, 000530.229, 100.0
Trd, 000531.029, 100
Trd, 000531.271, 100
Trd, 000531.586, 101
Trd, 000531.886, 104
Trd, 000532.357, 100
Trd, 000532.386, 100
Trd, 000532.829, 104
Trd, 000532.943, 103
Trd, 000533.057, 109.0
Trd, 000534.043, 103
Trd, 000534.786, 103
Trd, 000534.971, 111.0
Trd, 000535.786, 100
Trd, 000536.086, 100.0
Trd, 000536.214, 105
Trd, 000537.414, 100
Trd, 000537.614, 100
Trd, 000537.800, 100
Trd, 000538.271, 105
Trd, 000539.429, 103
Trd, 000539.586, 102
Trd, 000539.629, 100
Trd, 000540.514, 101
Trd, 000540.786, 103
Trd, 000542.329, 100
Trd, 000542.429, 100
Trd, 000542.500, 102
Trd, 000542.529, 100
Trd, 000542.714, 102
Trd, 000543.471, 102
Trd, 000543.529, 102
Trd, 000543.957, 102
Trd, 000544.286, 100
Trd, 000544.386, 102
Trd, 000544.571, 100.0
Trd, 000544.657, 100
Trd, 000544.900, 100
Trd, 000545.543, 108.0
Trd, 000546.029, 102
Trd, 000547.114, 101
Trd, 000547.443, 103
Trd, 000547.671, 104
Trd, 000548.514, 102
Trd, 000548.614, 100
Trd, 000548.943, 100
Trd, 000549.443, 101
Trd, 000549.829, 101
Trd, 000550.129, 102
Trd, 000550.714, 111.0
Trd, 000550.914, 101
Trd, 000551.557, 100
Trd, 000551.814, 100
Trd, 000551.886, 100
Trd, 000552.229, 100.0
Trd, 000552.429, 100
Trd, 000552.500, 100
Trd, 000552.586, 100
Trd, 000553.114, 101
Trd, 000553.429, 101
Trd, 000554.371, 99
Trd, 000554.529, 100
Trd, 000555.243, 90
Trd, 000555.286, 91.0
Trd, 000555.586, 97
Trd, 000556.229, 99
Trd, 000556.814, 95
Trd, 000557.200, 95
Trd, 000557.314, 100
Trd, 000557.614, 100
Trd, 000557.686, 100
Trd, 000557.971, 100
Trd, 000558.000, 111.0
Trd, 000558.657, 100
Trd, 000558.700, 96
Trd, 000558.886, 100
Trd, 000559.514, 99
Trd, 000559.857, 99
Trd, 000560.200, 100
Trd, 000560.743, 99
Trd, 000560.971, 99
Trd, 000560.986, 100
Trd, 000562.371, 100
Trd, 000562.543, 99
Trd, 000562.571, 100
Trd, 000562.586, 100
Trd, 000562.800, 117
Trd, 000562.914, 117.0
Trd, 000563.143, 100
Trd, 000563.343, 101
Trd, 000564.271, 108
Trd, 000564.443, 103
Trd, 000564.486, 102
Trd, 000565.286, 100
Trd, 000565.457, 100
Trd, 000566.214, 100
Trd, 000566.243, 100
Trd, 000567.057, 102
Trd, 000567.257, 103
Trd, 000567.300, 103
Trd, 000567.600, 103
Trd, 000568.229, 100
Trd, 000568.300, 103
Trd, 000568.429, 101
Trd, 000568.757, 100
Trd, 000569.100, 100
Trd, 000570.314, 104
Trd, 000570.614, 100.0
Trd, 000570.786, 100
Trd, 000571.686, 100
Trd, 000571.957, 101
Trd, 000572.314, 102
Trd, 000572.457, 101
Trd, 000573.143, 100
Trd, 000573.743, 101
Trd, 000574.043, 101
Trd, 000574.486, 101
Trd, 000575.129, 100
Trd, 000575.229, 101
Trd, 000575.300, 100
Trd, 000575.457, 100
Trd, 000575.600, 100
Trd, 000575.757, 100
Trd, 000576.314, 100
Trd, 000576.357, 100.0
Trd, 000576.514, 100
Trd, 000577.100, 99
Trd, 000578.171, 96
Trd, 000578.371, 97
Trd, 000579.300, 97
Trd, 000579.371, 97
Trd, 000579.386, 100
Trd, 000579.814, 97
Trd, 000579.971, 100
Trd, 000581.357, 100
Trd, 000581.543, 99
Trd, 000581.700, 100
Trd, 000582.043, 100
Trd, 000582.371, 100
Trd, 000582.600, 101
Trd, 000582.686, 111.0
Trd, 000582.757, 100
Trd, 000582.843, 100
Trd, 000583.057, 117.0
Trd, 000583.571, 111.0
Trd, 000585.529, 102.0
Trd, 000585.900, 101.0
Trd, 000586.014, 100.0
Trd, 000586.757, 101
Trd, 000586.986, 102
Trd, 000587.471, 100
Trd, 000587.586, 102
Trd, 000588.114, 100
Trd, 000588.243, 101
Trd, 000588.514, 101
Trd, 000588.800, 100
Trd, 000589.129, 100.0
Trd, 000589.171, 101
Trd, 000589.700, 101
Trd, 000590.500, 100
Trd, 000590.729, 100
Trd, 000590.771, 100
Trd, 000591.329, 101
Trd, 000591.986, 101
Trd, 000592.714, 100
Trd, 000592.843, 101
Trd, 000592.914, 100
Trd, 000593.314, 102
Trd, 000593.829, 108.0
Trd, 000594.200, 103
Trd, 000594.600, 100
Trd, 000594.714, 100.0
Trd, 000594.857, 100
Trd, 000595.086, 103
Trd, 000595.743, 104
Trd, 000596.629, 101
Trd, 000596.700, 107.0
Trd, 000596.971, 100
Trd, 000597.371, 108.0
Trd, 000597.686, 100
Trd, 000598.343, 100
Trd, 000598.929, 104
Trd, 000599.386, 100
Trd, 000599.686, 100
Trd, 000601.200, 104
Trd, 000601.300, 105
Trd, 000601.571, 100
Trd, 000601.857, 106
Trd, 000602.171, 100
Trd, 000602.257, 110.0
Trd, 000602.429, 100.0
Trd, 000602.800, 100
Trd, 000603.043, 106
Trd, 000603.614, 100
Trd, 000603.900, 100
Trd, 000604.271, 103
Trd, 000604.500, 103
Trd, 000605.143, 102
Trd, 000605.686, 100
Trd, 000605.700, 100
Trd, 000605.729, 102
Trd, 000606.243, 100
Trd, 000606.757, 101
Trd, 000606.957, 100.0
Trd, 000607.129, 100
Trd, 000607.343, 100
Trd, 000607.557, 101
Trd, 000607.871, 101
Trd, 000608.057, 100
Trd, 000608.429, 102
Trd, 000608.543, 100
Trd, 000608.986, 100
Trd, 000609.843, 101
Trd, 000609.871, 108.0
Trd, 000610.029, 111.0
Trd, 000610.471, 102
Trd, 000610.529, 100
Trd, 000612.657, 100
Trd, 000612.771, 102
Trd, 000612.871, 103
Trd, 000613.214, 101
Trd, 000614.414, 102
Trd, 000614.914, 101
Trd, 000615.314, 100
Trd, 000615.357, 102
Trd, 000615.629, 103
Trd, 000616.357, 100
Trd, 000616.600, 100.0
Trd, 000616.886, 100
Trd, 000617.000, 101
Trd, 000617.029, 100
Trd, 000617.157, 100
Trd, 000617.200, 100
Trd, 000617.600, 101
Trd, 000617.843, 100
Trd, 000618.443, 101
Trd, 000618.571, 100
Trd, 000618.743, 100
Trd, 000618.929, 100
Trd, 000619.243, 91
Trd, 000619.257, 100
Trd, 000619.600, 100
Trd, 000620.000, 100
Trd, 000620.829, 99
Trd, 000620.886, 100
Trd, 000621.000, 101
Trd, 000622.243, 100
Trd, 000622.586, 101
Trd, 000622.686, 111.0
Trd, 000623.714, 100
Trd, 000623.829, 101
Trd, 000624.114, 100.0
Trd, 000624.257, 100
Trd, 000625.186, 103
Trd, 000625.757, 102
Trd, 000626.229, 100
Trd, 000626.857, 98
Trd, 000627.029, 99
Trd, 000627.529, 100
Trd, 000627.571, 100
Trd, 000627.771, 100
Trd, 000628.057, 100
Trd, 000628.529, 99
Trd, 000630.043, 102
Trd, 000630.157, 114.0
Trd, 000630.557, 102
Trd, 000631.443, 102
Trd, 000631.529, 101
Trd, 000631.971, 105
Trd, 000632.400, 100
Trd, 000632.529, 100
Trd, 000632.786, 100
Trd, 000632.800, 100
Trd, 000633.086, 102
Trd, 000633.400, 102
Trd, 000633.700, 100.0
Trd, 000633.786, 102
Trd, 000635.043, 103
Trd, 000635.229, 103
Trd, 000635.743, 101
Trd, 000635.957, 100
Trd, 000636.014, 100
Trd, 000636.500, 101
Trd, 000636.729, 100
Trd, 000637.129, 101
Trd, 000637.757, 100
Trd, 000637.929, 101
Trd, 000638.386, 100
Trd, 000638.514, 101
Trd, 000638.543, 111.0
Trd, 000638.843, 100.0
Trd, 000639.257, 102
Trd, 000639.271, 103
Trd, 000639.900, 100
Trd, 000640.043, 100
Trd, 000640.071, 100.0
Trd, 000640.614, 101
Trd, 000642.400, 101
Trd, 000642.414, 103
Trd, 000643.229, 100
Trd, 000644.043, 100
Trd, 000644.200, 103
Trd, 000644.300, 100
Trd, 000644.471, 101
Trd, 000644.643, 116.0
Trd, 000644.871, 101
Trd, 000645.243, 100
Trd, 000645.657, 100
Trd, 000646.971, 102
Trd, 000647.100, 102
Trd, 000647.257, 100
Trd, 000647.386, 103
Trd, 000647.514, 100
Trd, 000647.857, 100
Trd, 000649.329, 103
Trd, 000649.543, 103.0
Trd, 000649.900, 100.0
Trd, 000649.914, 103
Trd, 000650.114, 100
Trd, 000650.171, 111.0
Trd, 000651.386, 100
Trd, 000651.671, 100
Trd, 000651.714, 100.0
Trd, 000651.914, 101
Trd, 000652.014, 100
Trd, 000652.200, 101
Trd, 000652.214, 106
Trd, 000653.414, 103
Trd, 000653.543, 103
Trd, 000654.829, 103
Trd, 000655.671, 100
Trd, 000656.114, 103
Trd, 000656.400, 101.0
Trd, 000656.414, 103
Trd, 000656.657, 108
Trd, 000656.814, 100.0
Trd, 000657.257, 105.0
Trd, 000657.643, 100
Trd, 000657.900, 104
Trd, 000658.043, 100
Trd, 000658.171, 111.0
Trd, 000658.800, 100
Trd, 000658.829, 100
Trd, 000660.057, 102
Trd, 000660.386, 105
Trd, 000660.443, 100
Trd, 000661.243, 103
Trd, 000661.329, 103
Trd, 000661.457, 105
Trd, 000661.657, 102
Trd, 000662.029, 105
Trd, 000662.257, 100
Trd, 000662.271, 100
Trd, 000662.671, 100
Trd, 000662.957, 100.0
Trd, 000663.157, 100
Trd, 000664.029, 101
Trd, 000665.129, 100
Trd, 000665.271, 100
Trd, 000665.600, 101
Trd, 000665.914, 100
Trd, 000665.943, 100.0
Trd, 000666.186, 101
Trd, 000666.700, 110.0
Trd, 000667.643, 101
Trd, 000667.857, 110.0
Trd, 000668.086, 105
Trd, 000668.786, 100
Trd, 000668.800, 100
Trd, 000669.400, 100
Trd, 000669.543, 107
Trd, 000669.671, 100
Trd, 000670.686, 100.0
Trd, 000670.743, 100
Trd, 000671.229, 101
Trd, 000671.943, 104
Trd, 000672.414, 104
Trd, 000672.714, 104
Trd, 000673.429, 103
Trd, 000673.800, 102
Trd, 000673.957, 102
Trd, 000674.143, 103
Trd, 000674.257, 100
Trd, 000674.757, 100
Trd, 000675.757, 100
Trd, 000675.929, 101
Trd, 000676.571, 100
Trd, 000676.614, 105.0
Trd, 000676.900, 100
Trd, 000677.029, 100
Trd, 000677.214, 101
Trd, 000678.000, 102.0
Trd, 000678.114, 104
Trd, 000678.686, 102.0
Trd, 000678.757, 100.0
Trd, 000679.600, 102
Trd, 000680.971, 102
Trd, 000681.086, 101
Trd, 000681.129, 100
Trd, 000682.057, 101
Trd, 000682.629, 101
Trd, 000682.871, 101
Trd, 000683.029, 100
Trd, 000683.129, 100
Trd, 000684.114, 100
Trd, 000684.214, 100
Trd, 000684.286, 100
Trd, 000684.743, 101
Trd, 000684.914, 101
Trd, 000685.014, 100
Trd, 000686.186, 98
Trd, 000686.886, 99
Trd, 000687.214, 98
Trd, 000687.386, 100
Trd, 000687.457, 100
Trd, 000688.043, 99
Trd, 000688.086, 99
Trd, 000688.543, 100
Trd, 000688.957, 91.0
Trd, 000688.986, 100
Trd, 000689.843, 98
Trd, 000689.929, 100
Trd, 000690.629, 100
Trd, 000690.857, 111.0
Trd, 000690.943, 101
Trd, 000691.386, 102
Trd, 000691.600, 101
Trd, 000691.614, 117.0
Trd, 000691.714, 100
Trd, 000692.029, 116
Trd, 000692.829, 100
Trd, 000693.929, 100
Trd, 000693.986, 100
Trd, 000694.314, 101
Trd, 000694.414, 102
Trd, 000694.643, 101
Trd, 000695.443, 101
Trd, 000696.314, 101
Trd, 000696.357, 101
Trd, 000696.414, 100
Trd, 000696.843, 102
Trd, 000696.886, 100
Trd, 000697.243, 100
Trd, 000697.314, 100
Trd, 000698.329, 101
Trd, 000698.857, 100
Trd, 000698.986, 102.0
Trd, 000699.000, 100
Trd, 000699.086, 100.0
Trd, 000699.757, 100
Trd, 000700.471, 101
Trd, 000700.729, 100
Trd, 000701.100, 101.0
Trd, 000701.114, 102.0
Trd, 000702.229, 103
Trd, 000702.400, 100
Trd, 000702.914, 102
Trd, 000703.186, 106
Trd, 000703.343, 101.0
Trd, 000704.500, 100.0
Trd, 000705.000, 100
Trd, 000705.429, 101
Trd, 000705.829, 100
Trd, 000705.871, 101
Trd, 000706.171, 100
Trd, 000706.629, 101
Trd, 000706.743, 100
Trd, 000706.771, 100
Trd, 000706.871, 111.0
Trd, 000707.543, 105
Trd, 000707.971, 115.0
Trd, 000708.700, 111.0
Trd, 000708.986, 101
Trd, 000709.186, 100
Trd, 000709.643, 100
Trd, 000709.686, 100
Trd, 000710.200, 97
Trd, 000710.414, 101
Trd, 000710.457, 102
Trd, 000711.029, 100
Trd, 000711.371, 100
Trd, 000711.800, 100
Trd, 000711.900, 101
Trd, 000711.914, 100
Trd, 000713.014, 101
Trd, 000713.143, 100
Trd, 000713.714, 100.0
Trd, 000713.914, 101
Trd, 000714.014, 100
Trd, 000714.443, 101
Trd, 000714.543, 100
Trd, 000714.757, 100
Trd, 000715.143, 100
Trd, 000715.657, 100
Trd, 000715.900, 99
Trd, 000716.171, 99
Trd, 000716.229, 100.0
Trd, 000717.529, 100
Trd, 000717.986, 100
Trd, 000718.071, 100
Trd, 000718.271, 100
Trd, 000718.329, 100
Trd, 000718.714, 98
Trd, 000719.043, 99
Trd, 000720.100, 100.0
Trd, 000720.600, 100
Trd, 000721.000, 100
Trd, 000721.643, 101
Trd, 000721.686, 100
Trd, 000722.129, 106.0
Trd, 000722.671, 99
Trd, 000722.814, 100
Trd, 000722.829, 100
Trd, 000723.257, 100
Trd, 000723.443, 101
Trd, 000723.914, 106
Trd, 000723.971, 101
Trd, 000724.571, 100
Trd, 000724.657, 111.0
Trd, 000725.414, 100
Trd, 000726.329, 98
Trd, 000726.586, 97
Trd, 000726.600, 99
Trd, 000726.943, 98
Trd, 000727.186, 100
Trd, 000727.300, 100
Trd, 000727.786, 100
Trd, 000728.271, 100.0
Trd, 000728.600, 96
Trd, 000728.714, 111.0
Trd, 000729.343, 102
Trd, 000729.471, 101
Trd, 000729.686, 103
Trd, 000730.229, 100
Trd, 000730.629, 103
Trd, 000731.043, 101
Trd, 000731.057, 100
Trd, 000731.157, 100
Trd, 000731.814, 102
Trd, 000731.886, 100
Trd, 000732.514, 100
Trd, 000733.414, 99
Trd, 000733.457, 102
Trd, 000733.729, 111.0
Trd, 000734.571, 100
Trd, 000735.343, 90
Trd, 000735.500, 91.0
Trd, 000736.471, 99
Trd, 000736.943, 97
Trd, 000737.014, 100
Trd, 000737.243, 98
Trd, 000737.471, 100
Trd, 000737.557, 100
Trd, 000738.157, 98
Trd, 000738.200, 98
Trd, 000738.286, 95
Trd, 000738.343, 100
Trd, 000738.971, 99
Trd, 000739.500, 100
Trd, 000739.643, 100
Trd, 000740.000, 100
Trd, 000740.071, 100
Trd, 000740.257, 100
Trd, 000740.643, 98
Trd, 000741.257, 91.0
Trd, 000741.629, 99
Trd, 000741.714, 100
Trd, 000742.414, 99
Trd, 000742.457, 100
Trd, 000742.543, 100
Trd, 000742.686, 111.0
Trd, 000743.357, 100
Trd, 000743.786, 101
Trd, 000743.829, 100
Trd, 000744.214, 100
Trd, 000744.271, 117.0
Trd, 000744.529, 100
Trd, 000745.329, 105
Trd, 000745.686, 106
Trd, 000745.786, 118
Trd, 000746.229, 100
Trd, 000746.557, 101
Trd, 000747.071, 100
Trd, 000747.543, 101.0
Trd, 000747.571, 100.0
Trd, 000747.757, 103
Trd, 000748.671, 100
Trd, 000748.986, 100
Trd, 000749.700, 100
Trd, 000750.014, 102
Trd, 000750.443, 102
Trd, 000750.486, 102
Trd, 000751.171, 102
Trd, 000751.414, 100
Trd, 000751.543, 100
Trd, 000752.386, 100.0
Trd, 000752.486, 100
Trd, 000752.900, 102
Trd, 000752.943, 100
Trd, 000753.400, 111.0
Trd, 000754.157, 102
Trd, 000754.200, 118
Trd, 000754.814, 110
Trd, 000755.029, 102
Trd, 000755.843, 108
Trd, 000756.357, 101
Trd, 000756.943, 102
Trd, 000756.971, 100
Trd, 000757.029, 100
Trd, 000757.243, 100
Trd, 000757.329, 100
Trd, 000757.386, 100
Trd, 000757.400, 100.0
Trd, 000758.243, 101
Trd, 000758.471, 100
Trd, 000759.229, 100
Trd, 000760.029, 101
Trd, 000760.971, 101
Trd, 000761.200, 101
Trd, 000761.557, 100
Trd, 000761.914, 100
Trd, 000762.086, 101
Trd, 000762.557, 100.0
Trd, 000762.843, 100
Trd, 000762.900, 100
Trd, 000763.486, 91.0
Trd, 000763.600, 97
Trd, 000763.686, 98
Trd, 000763.729, 100
Trd, 000764.757, 100
Trd, 000764.957, 100
Trd, 000765.200, 111.0
Trd, 000765.443, 100
Trd, 000765.971, 96
Trd, 000766.143, 100.0
Trd, 000766.271, 111.0
Trd, 000766.614, 99
Trd, 000766.886, 100
Trd, 000767.571, 99
Trd, 000768.271, 100
Trd, 000768.343, 91
Trd, 000768.371, 89
Trd, 000768.443, 100
Trd, 000768.571, 100
Trd, 000769.643, 99
Trd, 000770.014, 99
Trd, 000770.357, 100
Trd, 000770.414, 100
Trd, 000770.457, 100
Trd, 000771.086, 111.0
Trd, 000771.229, 100
Trd, 000771.271, 117.0
Trd, 000771.929, 100
Trd, 000772.114, 100
Trd, 000772.243, 99
Trd, 000773.343, 97
Trd, 000773.900, 93
Trd, 000773.971, 92
Trd, 000774.186, 94
Trd, 000775.686, 94
Trd, 000776.043, 93
Trd, 000776.143, 100
Trd, 000776.386, 100
Trd, 000776.657, 97
Trd, 000776.871, 100
Trd, 000776.971, 100
Trd, 000777.186, 100
Trd, 000777.629, 100
Trd, 000777.700, 100
Trd, 000778.443, 98
Trd, 000779.071, 98
Trd, 000779.129, 100
Trd, 000779.414, 97
Trd, 000779.871, 97
Trd, 000780.157, 97
Trd, 000780.286, 98
Trd, 000781.314, 100
Trd, 000781.429, 100
Trd, 000781.500, 100
Trd, 000781.600, 117.0
Trd, 000781.800, 100.0
Trd, 000782.229, 100
Trd, 000782.529, 101
Trd, 000783.414, 100
Trd, 000783.671, 101
Trd, 000784.800, 101
Trd, 000785.100, 102
Trd, 000785.543, 100
Trd, 000785.557, 100
Trd, 000785.643, 101
Trd, 000785.743, 100
Trd, 000786.043, 100
Trd, 000786.671, 100
Trd, 000786.686, 102
Trd, 000786.943, 118
Trd, 000787.386, 100
Trd, 000787.514, 100.0
Trd, 000788.800, 100
Trd, 000789.900, 97
Trd, 000790.043, 97
Trd, 000790.271, 99
Trd, 000790.443, 100
Trd, 000790.671, 99
Trd, 000791.014, 100
Trd, 000792.014, 100
Trd, 000792.286, 100
Trd, 000792.786, 111.0
Trd, 000793.029, 102
Trd, 000793.214, 101
Trd, 000793.571, 101
Trd, 000794.186, 110.0
Trd, 000794.314, 100
Trd, 000794.714, 107
Trd, 000795.529, 108
Trd, 000795.543, 106
Trd, 000796.457, 104
Trd, 000796.686, 100
Trd, 000797.171, 101.0
Trd, 000797.371, 102
Trd, 000797.757, 102
Trd, 000797.829, 100.0
Trd, 000798.500, 102
Trd, 000798.843, 100
Trd, 000799.214, 100
Trd, 000799.529, 100
Trd, 000800.171, 101
Trd, 000800.271, 101
Trd, 000800.857, 100
Trd, 000801.514, 100
Trd, 000801.629, 101
Trd, 000801.700, 100
Trd, 000801.929, 100
Trd, 000802.114, 100
Trd, 000802.900, 100
Trd, 000803.400, 111.0
Trd, 000803.814, 98
Trd, 000803.843, 100
Trd, 000804.500, 100
Trd, 000805.486, 97
Trd, 000806.029, 95
Trd, 000806.371, 94
Trd, 000806.543, 95
Trd, 000806.700, 94
Trd, 000807.243, 100
Trd, 000807.271, 100
Trd, 000807.429, 100
Trd, 000808.071, 98
Trd, 000808.271, 100
Trd, 000808.471, 100
Trd, 000808.643, 100
Trd, 000809.043, 100
Trd, 000809.143, 100
Trd, 000809.157, 100
Trd, 000809.471, 98
Trd, 000810.100, 100
Trd, 000810.371, 100
Trd, 000810.543, 100
Trd, 000810.714, 100
Trd, 000811.300, 92
Trd, 000811.443, 100
Trd, 000812.129, 99
Trd, 000812.886, 97
Trd, 000813.100, 98
Trd, 000813.743, 100
Trd, 000814.143, 98
Trd, 000814.671, 91
Trd, 000814.943, 94
Trd, 000815.500, 94
Trd, 000815.586, 95
Trd, 000816.014, 100
Trd, 000816.043, 96
Trd, 000816.571, 95
Trd, 000816.643, 96
Trd, 000816.943, 96
Trd, 000818.429, 97
Trd, 000818.743, 100
Trd, 000818.857, 96
Trd, 000819.014, 100
Trd, 000819.357, 100
Trd, 000820.614, 97
Trd, 000820.843, 97
Trd, 000820.900, 92
Trd, 000821.343, 100
Trd, 000821.414, 100
Trd, 000821.914, 98
Trd, 000821.929, 99
Trd, 000821.957, 100
Trd, 000822.886, 100
Trd, 000823.114, 100
Trd, 000823.657, 100
Trd, 000824.129, 100
Trd, 000824.729, 100
Trd, 000825.386, 100
Trd, 000825.414, 111.0
Trd, 000826.171, 102
Trd, 000826.686, 101
Trd, 000826.700, 100
Trd, 000826.957, 100
Trd, 000826.971, 102
Trd, 000827.271, 100
Trd, 000827.343, 103
Trd, 000827.829, 102
Trd, 000828.014, 102
Trd, 000828.214, 100
Trd, 000828.757, 101
Trd, 000828.871, 100
Trd, 000829.500, 100.0
Trd, 000829.643, 100
Trd, 000830.357, 90
Trd, 000830.814, 91.0
Trd, 000830.843, 97
Trd, 000830.857, 98
Trd, 000831.143, 100
Trd, 000831.214, 117.0
Trd, 000831.971, 98
Trd, 000833.014, 97
Trd, 000833.243, 97
Trd, 000833.800, 98
Trd, 000833.843, 99
Trd, 000833.971, 97
Trd, 000834.386, 100
Trd, 000835.057, 100
Trd, 000835.200, 96
Trd, 000835.371, 99
Trd, 000835.471, 100
Trd, 000835.786, 100
Trd, 000835.986, 100
Trd, 000837.729, 102
Trd, 000837.871, 103
Trd, 000838.057, 102
Trd, 000838.729, 100
Trd, 000838.943, 100
Trd, 000839.029, 100
Trd, 000839.486, 106.0
Trd, 000840.414, 103
Trd, 000840.943, 101
Trd, 000841.357, 102
Trd, 000841.443, 100
Trd, 000841.786, 104
Trd, 000842.029, 113
Trd, 000842.357, 110.0
Trd, 000842.929, 102
Trd, 000843.000, 100.0
Trd, 000843.071, 100
Trd, 000843.571, 100
Trd, 000844.143, 103
Trd, 000844.214, 101
Trd, 000844.843, 104
Trd, 000844.929, 100
Trd, 000845.343, 100
Trd, 000845.414, 100.0
Trd, 000846.114, 100
Trd, 000847.343, 104
Trd, 000847.429, 105
Trd, 000847.443, 100
Trd, 000847.600, 100
Trd, 000847.657, 106.0
Trd, 000848.029, 100
Trd, 000849.014, 103
Trd, 000850.357, 104
Trd, 000850.443, 104
Trd, 000850.614, 100
Trd, 000850.700, 104
Trd, 000851.914, 100
Trd, 000852.014, 103
Trd, 000852.057, 100
Trd, 000852.457, 103
Trd, 000852.557, 101
Trd, 000852.686, 104
Trd, 000853.657, 105
Trd, 000853.800, 100
Trd, 000854.029, 100.0
Trd, 000854.129, 104
Trd, 000854.200, 100
Trd, 000855.557, 100
Trd, 000855.729, 101
Trd, 000856.171, 101
Trd, 000856.271, 102
Trd, 000856.343, 102
Trd, 000856.371, 100
Trd, 000856.729, 100.0
Trd, 000857.529, 100
Trd, 000858.443, 102
Trd, 000858.700, 100
Trd, 000859.729, 101
Trd, 000859.986, 103
Trd, 000860.486, 115.0
Trd, 000860.629, 117.0
Trd, 000861.000, 113
Trd, 000861.043, 112
Trd, 000862.671, 101
Trd, 000862.929, 106
Trd, 000863.129, 100
Trd, 000863.271, 100
Trd, 000863.343, 100
Trd, 000863.457, 100
Trd, 000863.500, 100
Trd, 000863.514, 101
